3024 3868
1446 352 1685 400 4—

381 482 520 540 (Leid.
541 487 593 528 ct.
614 484 839 527 clinans
871 485 1007 528 Paris.
1038 485 1101 541 4),
1131 485 1306 527 Dinas
1335 489 1384 527 et
1414 484 1623 540 (Riccard.
1645 484 1802 541 vatic„
1832 498 1939 539 quos
1968 485 2099 528 libros
2127 487 2215 530 iam
2246 495 2449 544 sequutus
2488 475 2556 535 est

381 561 608 619 Silligius)‚
646 563 882 606 Dinaret
913 563 1067 618 (Paris,
1100 562 1164 620 1.),
1194 563 1519 607 Dinaretum
1549 567 1602 606 et
1632 562 1714 619 (ed.
1734 563 1881 608 Dalec.
1900 563 2034 621 Brot.)
2064 564 2370 612 descisceretur
2406 570 2462 614 ab
2491 583 2556 626 eo,

380 642 495 697 quod
524 655 671 686 verum
701 648 816 686 erat:

902 721 1013 764 inter
1040 721 1125 764 duo
1156 721 1447 776 promontoria
1477 720 1671 763 Clidas
1699 724 1752 762 et
1780 720 2032 764 Acamanta.

379 797 573 855 Κληΐόας
604 799 717 841 enim
754 812 839 842 non
875 800 1110 842 insularum
1152 799 1295 854 modo,
1338 798 1412 841 sed
1452 799 1729 855 promontorii
1768 811 1923 842 nomen
1962 799 2115 852 fuisse,
2154 801 2198 843 id
2230 803 2344 857 quod
2385 804 2554 859 ignorat

378 877 589 932 Engelius
619 879 646 920 l.
673 878 713 920 d.
732 883 818 921 not.
842 881 910 934 18,
957 878 1197 922 manifestis
1236 878 1491 921 testimoniis
1527 878 1732 922 Herodoti
1763 878 1810 921 V.
1834 880 1914 920 108
1954 879 2237 934 περιέπλωον
2278 880 2361 938 τὴν
2399 878 2556 939 ἄκραν,

379 956 426 998 αἳ
454 958 695 1000 καλέονται
724 958 912 1013 Κληῖδες
943 960 1018 1013 τῆς
1048 955 1238 1012 Κύπρου
1268 961 1310 1000 et
1340 956 1542 1011 Hesychii
1573 971 1612 1011 p.
1634 959 1735 999 273:
1775 956 1959 1006 Κλεῑδες
1999 951 2114 1012 ἄκρα
2153 960 2230 1014 τῆς
2261 958 2453 1016 Κύπρου
2484 960 2554 1017 (cf.

378 1034 486 1078 Plin.
516 1036 541 1078 l.
562 1035 602 1079 d.
627 1038 727 1079 130:
768 1040 998 1090 „quattuor
1036 1036 1204 1079 insulae
1244 1040 1346 1079 ante
1385 1037 1721 1091 promontorium
1761 1048 1815 1078 ex
1855 1035 2036 1078 adverso
2067 1035 2220 1091 Syriae
2250 1037 2440 1093 Clides“‚
2480 1040 2552 1082 ubi

376 1114 712 1168 promontorium
743 1111 862 1164 Βοὸς
892 1109 1033 1170 οὐράν
1063 1115 1147 1157 dici
1178 1115 1381 1169 opinatur
1410 1114 1619 1157 Baehrius
1648 1115 1673 1158 l.
1694 1114 1751 1170 d.)
1782 1119 2044 1170 compertum
2079 1116 2311 1159 attulerunt
2341 1119 2553 1161 Meursius

377 1191 410 1233 I.
431 1192 496 1245 27,
528 1193 581 1233 73
612 1197 654 1234 et
684 1192 994 1245 Wesselingius
1025 1192 1206 1235 Simeon.
1238 1191 1391 1234 Chron.
1421 1206 1461 1247 p.
1486 1194 1605 1234 1330.
1665 1193 1891 1235 Praeclare
1930 1197 2073 1235 autem
2110 1198 2283 1237 nostrae
2313 1196 2552 1239 sententiae

376 1270 678 1324 suffragantur,
708 1270 780 1324 qui
800 1270 953 1313 iisdem
974 1270 1218 1312 nominibus
1238 1271 1407 1312 insulae
1427 1270 1736 1326 longitudinem
1758 1271 2050 1325 definiverunt,
2076 1271 2230 1314 Strabo
2252 1273 2368 1316 XIV.
2388 1287 2428 1329 p.
2449 1275 2550 1316 682:

373 1350 512 1404 μῆκος
543 1349 590 1391 δὲ
631 1343 741 1391 ἀπὸ
771 1351 884 1390 τῶν
915 1349 1176 1391 Κλειδῶυ
1207 1349 1298 1391 ἐπὶ
1331 1347 1430 1391 τὸν
1457 1344 1765 1404 Ἀκάμαντα
1794 1351 1904 1403 πεζῇ
1931 1350 2127 1392 σταδίων
2153 1351 2311 1405 χιλίων
2338 1367 2549 1407 τετρακο-

376 1427 488 1469 σίων
517 1422 725 1485 &edom
756 1420 847 1469 ἄπὸ
879 1422 1097 1483 ἀνατολῆς
1128 1427 1201 1469 ἐπὶ
1232 1425 1361 1469 δύσιν
1381 1427 1448 1483 (cf.
1470 1442 1510 1482 p.
1531 1429 1634 1470 684:
1665 1422 1786 1477 ὅστις
1817 1431 1892 1484 τῆς
1922 1425 2063 1484 νήσου
2094 1426 2146 1470 τό
2166 1431 2306 1485 μῆκος
2337 1425 2426 1472 ἀπὸ
2457 1432 2552 1472 τῶν

376 1501 559 1561 ἄρκτων
589 1505 703 1562 πρὸς
732 1508 1005 1564 μεσημβρίαν
1035 1501 1328 1558 ἀποδίδωσιν,
1360 1501 1449 1550 ἀπὸ
1474 1503 1749 1563 (Ιιροκηπίας
1769 1532 1823 1537 -
1845 1506 1915 1550 ἐπὶ
1940 1507 2146 1563 Κλεῖδας)
2177 1512 2220 1550 et
2240 1507 2551 1562 Agathemerus

376 1584 530 1638 Geogr.
561 1585 592 1626 Ι.
613 1599 653 1639 p.
679 1587 777 1639 186,
814 1598 938 1639 quem
970 1586 1159 1639 neglexit
1190 1586 1400 1628 Meursius
1431 1586 1462 1628 Ι.
1484 1589 1519 1628 5.
1550 1600 1590 1640 p.
1615 1588 1686 1628 14:
1727 1580 1830 1628 Ἀπὸ
1862 1583 2152 1641 Μυριάνὸρου
2185 1585 2273 1628 ἐπὶ
2308 1589 2352 1629 K
2359 1588 2550 1636 λεϊόας

378 1660 571 1718 Κύπρου
603 1661 762 1705 στάδια
792 1661 871 1719 ᾳύ,
902 1663 975 1705 ἐπὶ
998 1658 1309 1717 Ἀκάμαντα
1339 1660 1392 1704 τὸ
1423 1658 1705 1719 ἀκρωτήριον
1736 1661 1892 1706 στάδια
1922 1661 2014 1718 ,γτᾌ

549 1741 746 1783 Ceterum
777 1754 862 1783 non
892 1745 1052 1784 temere
1082 1741 1348 1797 interpreter,
1389 1753 1445 1783 an
1476 1741 1532 1784 ad
1563 1741 1894 1797 expromendum
1926 1741 2040 1784 istud
2070 1746 2354 1786 commentum
2386 1741 2550 1784 Dina·

375 1826 551 1862 retum
591 1820 775 1863 valuerit
804 1821 1042 1864 recordatio
1081 1821 1174 1864 eius
1209 1821 1303 1875 loci,
1332 1834 1455 1874 quem
1489 1820 1697 1863 Salamini
1728 1820 1818 1863 sive
1849 1820 2124 1863 Constantiae
2153 1820 2392 1876 proximum
2424 1821 2551 1862 Δια-

376 1896 646 1954 νευτήριο
661 1913 686 1941 ν
716 1900 980 1954 appellatum
1012 1899 1144 1942 fuisse
1174 1904 1354 1942 testatur
1375 1899 1579 1954 Polybius
1609 1899 1652 1941 in
1673 1899 1775 1941 Vita
1804 1899 2038 1954 Epiphanii
2059 1900 2107 1942 T.
2128 1899 2182 1941 11.
2202 1913 2242 1955 p.
2264 1900 2356 1941 365.
2387 1898 2434 1940 Β.
2455 1899 2550 1940 378.

373 1977 424 2020 Α.
444 1978 598 2021 Meurs.
628 1978 661 2020 Ι.
682 1980 730 2019 21
765 1992 804 2034 p.
826 1980 892 2020 61.
951 1977 1074 2030 Quod
1104 1979 1359 2021 vocabulum
1391 1978 1583 2022 eiusdem
1613 1978 1701 2021 fere
1732 1977 1899 2032 generis
1929 1977 2097 2021 videtur
2126 1990 2222 2021 esse
2252 1981 2381 2032 atque
2420 1973 2547 2033 Τρό-

373 2058 549 2111 γοδον
581 2052 685 2112 ὅρος
715 2062 756 2099 et
785 2055 1058 2099 Βούκασα
1089 2053 1207 2113 ὄρος,
1240 2070 1352 2111 quae
1372 2057 1545 2099 nomina
1565 2057 1609 2098 in
1631 2057 1805 2112 Dionys.
1826 2057 1928 2113 Byz.
1948 2056 2142 2112 Append.
2162 2070 2202 2112 p.
2227 2058 2304 2098 124
2336 2054 2551 2098 Wescher.

373 2135 626 2188 consignata
656 2136 831 2189 reperio.

1442 2270 1495 2312 II.

545 2371 637 2411 Iam
668 2369 722 2411 de
752 2369 964 2411 Catulli
995 2370 1184 2412 carmine
1216 2370 1418 2412 XXXVI.
1443 2373 1511 2411 12:

851 2447 973 2498 Quae
1004 2453 1197 2490 sanctum
1229 2449 1410 2490 Idalium
1442 2449 1717 2501 Uriosque
1752 2453 1979 2503 apertos

853 2527 1059 2579 Quaeque
1089 2529 1266 2568 Ancona
1298 2528 1566 2581 Cnidumque
1595 2526 1897 2568 arundinosam

853 2605 969 2647 Colis

375 2683 515 2726 dicere
545 2683 783 2737 aggredior.
841 2683 905 2724 De
937 2697 1020 2737 quo
1050 2685 1143 2726 loco
1186 2684 1406 2739 insigniter
1445 2688 1717 2726 controverso
1753 2688 1980 2739 postquam
2019 2682 2125 2725 nihil
2156 2681 2391 2737 quidquam
2423 2693 2547 2737 expe-

375 2763 482 2804 divit
512 2762 783 2815 Schwabius‚
822 2775 900 2803 nos
939 2763 1196 2804 examinatis
1237 2762 1442 2816 Scaligeri
1482 2762 1733 2817 Heinsiique
1771 2767 1813 2805 et
1852 2762 1994 2804 Vossii
2034 2762 2277 2815 sententiis,
2316 2773 2422 2815 quas
2462 2760 2548 2803 iam

374 2842 685 2885 Valckenarius
716 2841 892 2884 Theocr.
920 2842 1056 2884 Adon.
1090 2846 1168 2883 100
1200 2857 1240 2898 p.
1262 2845 1355 2884 391.
1375 2843 1410 2883 Β
1440 2843 1748 2898 improbandas
1776 2855 1871 2885 esse
1902 2841 2174 2896 significavit,
2209 2840 2254 2882 in
2285 2840 2371 2882 alia
2402 2839 2546 2881 omnia

373 2920 677 2963 discedendum
709 2932 804 2962 esse
833 2920 917 2961 rati
947 2920 1210 2962 difficultatis
1239 2920 1494 2963 eximendae
1524 2921 1691 2976 copiam
1722 2920 2008 2963 intelleximus
2038 2918 2303 2977 suppeditari
2329 2917 2548 2960 subtiliore

372 3012 538 3052 eorum,
579 3012 691 3053 quae
720 3000 842 3042 libris
871 3000 1134 3055 discrepant,
1165 2999 1541 3055 pervestigatione.
1599 3000 1654 3040 Et
1684 2999 1737 3040 iis
1767 2999 1950 3053 quidem,
1980 2999 2054 3053 qui
2083 2999 2355 3050 Eriosque
2386 3008 2547 3051 aper—

372 3081 457 3120 tos
486 3083 817 3133 proposuerunt,
857 3078 971 3132 quod
1000 3078 1180 3119 Marullo
1213 3079 1339 3119 video
1369 3078 1659 3133 pei-placuisse
1688 3077 1833 3132 Epigr.
1853 3078 1907 3121 11.
1928 3092 1969 3133 p.
1990 3079 2043 3120 35
2074 3077 2139 3120 ed.
2160 3076 2291 3132 Spin:
2330 3075 2437 3117 Cum
2469 3088 2546 3130 per

371 3156 555 3199 Idalium
597 3157 871 3212 Gythei-aque
912 3158 1001 3199 alta
1040 3158 1126 3199 Aut
1163 3156 1345 3199 Colchos
1375 3155 1692 3199 Amathuntave
1732 3157 1986 3211 Eriosque
2025 3158 2211 3199 Exerces
2251 3154 2399 3197 faciles
2439 3155 2546 3197 levis

372 3235 582 3279 choreas.“
675 3236 750 3278 III.
784 3250 822 3291 p.
845 3237 920 3278 61:
964 3236 1066 3290 „qui
1098 3235 1315 3291 Memphin
1347 3249 1451 3290 puer
1481 3237 1770 3290 Aeriosque
1802 3237 2036 3291 Temperas
2076 3236 2254 3278 colles
2294 3238 2336 3275 et
2366 3246 2548 3276 amoena
