3024 3868
1308 367 1441 372 -,.-
1513 332 1545 381 6
1618 329 1750 371 4.-.

441 467 620 522 emergit
649 479 806 510 nomen
827 467 1041 510 Tronos
1070 465 1451 523 (quemadmodum
1476 465 1593 521 apud
1614 464 1873 519 Hesychium
1896 465 1948 507 11.
1968 479 2008 520 p.
2032 467 2139 508 1423
2161 469 2226 508 est
2252 464 2394 522 Τρόνα
2413 462 2441 524 ἢ
2461 464 2621 523 θρόνα,

442 545 559 600 quod
589 546 735 588 omisit
764 545 968 600 Engelius
999 545 1030 588 Ι.
1051 559 1089 601 p.
1111 548 1206 587 575.
1227 546 1277 588 ef.
1298 546 1390 589 Liv.
1411 545 1435 587 l.
1455 544 1512 600 d.)
1520 577 1531 598 ‚
1561 545 1597 586 Τ
1611 543 1635 586 h
1648 558 1703 586 ro
1716 556 1836 586 nos:

989 623 1110 677 Quae
1142 629 1337 668 sanetum
1369 623 1553 666 Idalium
1584 623 1947 676 Thronosque
1978 627 2150 677 apertos

989 702 1195 757 Quaeque
1226 703 1404 745 Aneona
1434 727 1488 732 ——
1518 701 1671 758 (eolis).

443 782 537 834 Quo
569 783 740 827 nomine
771 782 904 839 Cypri
939 782 1107 826 insulae
1146 782 1478 839 promontorium
1510 780 1807 824 Ammochosto
1848 781 1938 823 urbi
1981 781 2220 836 proximum
2252 787 2448 825 voeatum
2489 782 2621 825 fuisse

442 867 639 904 auctores
670 866 767 904 sunt
797 862 1091 905 Ptolemaeus:
1133 859 1297 917 θρόνοι
1330 859 1459 913 πόλις
1490 862 1563 904 καὶ
1596 856 1721 916 ἄκρα.
1754 887 1809 892 -
1841 858 1966 904 Μετὰ
1995 858 2102 910 τούς
2135 858 2337 914 Θρόνο-υς
2368 860 2449 919 τὴν
2479 857 2622 917 ἄκραν

437 936 742 996 Ἀμμόχωστος
771 947 813 983 et
844 941 998 982 Strabo
1029 940 1144 983 XIV.
1164 954 1204 996 p.
1225 943 1328 982 683:
1370 937 1465 983 εἶτα
1495 938 1691 995 Korow'ffi⁸
1728 936 2096 995 xaeppomjomidrsg,
2136 939 2196 988 εἰς
2225 933 2280 995 ἣν
2309 934 2400 982 ἀπὸ
2433 938 2622 994 Θρόνων

441 1017 612 1062 στάδιοι
653 1017 933 1069 ἑπτακόσιοι,
973 1032 1150 1073 quorum
1182 1018 1291 1060 hune
1321 1018 1458 1060 solum
1497 1019 1729 1062 attulerunt
1760 1018 1850 1061 Viri
1888 1018 2014 1060 Docti
2052 1017 2196 1073 Steph.
2217 1018 2343 1061 Thes.
2364 1019 2436 1061 IV.
2465 1033 2504 1075 p.
2527 1020 2621 1061 427.

441 1098 495 1151 Β,
536 1102 762 1150 utrumque
801 1097 1012 1139 Meursius
1043 1098 1073 1140 l.
1095 1099 1148 1139 26
1179 1111 1218 1153 p.
1239 1098 1288 1139 71
1331 1102 1373 1139 et
1412 1097 1616 1151 Engelius
1648 1098 1678 1140 1.
1710 1111 1748 1152 p.
1770 1098 1824 1138 99
1847 1111 1907 1150 sq.
1984 1096 2320 1138 Promontorium
2370 1102 2513 1138 autem
2555 1097 2621 1139 hio

439 1177 524 1220 dici
556 1177 663 1219 satis
693 1177 920 1232 perspicuo
950 1177 1203 1219 documento
1235 1181 1298 1219 est
1328 1189 1380 1219 ea
1410 1176 1507 1231 ipsa
1538 1190 1638 1228 vox,
1680 1176 1722 1217 in
1763 1188 1849 1229 qua
1880 1174 2137 1229 explicanda
2178 1176 2468 1228 nequidquam
2506 1176 2620 1217 (loeti

450 1255 645 1297 homines
685 1255 933 1297 laborarunt
973 1268 1123 1311 parum
1168 1255 1378 1297 reem-dati
1417 1260 1614 1311 aperta
1653 1255 1899 1297 cacumin
1913 1268 1939 1296 a.
1978 1254 2158 1307 intelligi
2210 1256 2325 1297 aeri
2366 1255 2621 1310 exposita

440 1334 586 1377 Barth.
608 1335 695 1376 Sat.
717 1333 850 1376 Theb.
872 1334 965 1375 VII.
987 1337 1070 1375 626
1102 1349 1140 1389 p.
1164 1337 1244 1375 744
1277 1340 1319 1376 et
1341 1335 1516 1389 Eryrem
1551 1334 1605 1375 ab
1629 1333 1781 1377 Ovidio
1813 1333 1896 1375 diei
1917 1332 1951 1374 F
1954 1338 2031 1374 ast.
2054 1333 2124 1374 IV.
2148 1335 2228 1373 478
2260 1338 2404 1387 patere
2437 1333 2621 1374 ventis

440 1426 609 1467 semper
639 1417 911 1468 apertum,
942 1416 986 1454 ut
1019 1412 1178 1454 Sunion
1211 1413 1527 1468 expositum
1559 1415 1640 1454 5153
1672 1413 1721 1454 of.
1753 1413 1894 1455 Burni.
1926 1426 1965 1466 p.
1986 1413 2081 1454 276.
2141 1411 2282 1462 Quare
2320 1413 2417 1454 nolo
2449 1412 2618 1454 Catullo

442 1491 646 1534 adhibere
689 1492 973 1534 Claudianum
1015 1492 1145 1546 Nupt.
1166 1493 1273 1534 Hon.
1296 1494 1348 1532 49
1371 1503 1453 1546 sq.:
1508 1492 1658 1542 „Mons
1697 1492 1808 1534 latus
1845 1492 1980 1534 Eoum
2013 1491 2144 1547 Cypri
2183 1496 2440 1547 praeruptus
2479 1492 2621 1533 obum-

442 1571 537 1614 brat
567 1594 634 1613 —.
694 1571 816 1612 Hunc
848 1572 997 1614 venti
1028 1572 1258 1626 pulsare
1289 1571 1520 1613 timent.“
1586 1572 1622 1613 A
1653 1585 1736 1625 quo
1768 1571 2026 1626 Zephyrium
2068 1572 2401 1625 promontorium
2438 1571 2619 1614 describi

444 1655 488 1692 ut
518 1650 703 1692 Meursio
736 1651 766 1691 Ι.
788 1652 854 1692 28.
877 1664 916 1705 p.
939 1653 989 1691 77
1022 1651 1247 1704 assentiar,
1277 1650 1380 1693 facit
1406 1664 1554 1693 versus
1576 1654 1651 1693 el:
1686 1665 1809 1702 ‚rura
1839 1675 1893 1680 -—
1923 1650 2168 1705 Zephyro
2200 1654 2401 1691 contenta
2431 1650 2618 1699 colono“‚

441 1729 560 1771 euius
591 1742 739 1771 versus
769 1728 929 1771 nullam
962 1729 1166 1771 rationem
1200 1728 1348 1771 habuit
1379 1729 1583 1784 Engelius
1604 1730 1635 1771 I.
1658 1743 1696 1783 p.
1720 1731 1771 1771 88
1795 1729 1843 1771 ef.
1864 1743 1905 1783 p.
1924 1731 2105 1771 156.136
2127 1742 2188 1781 sq.
2247 1727 2472 1782 Olympum
2505 1740 2619 1769 mon-

450 1812 533 1849 tem
564 1807 856 1862 templumque
887 1807 1064 1849 Veneris
1089 1807 1284 1849 Aeraeae
1316 1806 1546 1861 significari
1578 1807 1806 1849 arbitratus
1838 1806 1906 1861 (ef.
1927 1808 2062 1861 Epist.
2085 1806 2187 1848 Crit.
2207 1810 2335 1847 nostr.
2356 1819 2395 1860 p.
2416 1806 2620 1859 XXXII).

441 1886 496 1928 Et
536 1886 643 1928 haee
683 1886 857 1939 quidem
898 1885 1120 1939 aliquanto
1161 1886 1423 1941 probabilius
1464 1887 1750 1942 argumentati
1782 1887 1976 1928 videniur
2005 1898 2116 1940 esse,
2156 1898 2284 1939 quam
2316 1884 2526 1939 Bergkius
2555 1897 2620 1939 ea,

443 1963 596 2018 quibus
640 1962 788 2005 Philol.
810 1963 951 2005 XXX.
981 1977 1022 2019 p.
1045 1966 1127 2006 682
1168 1964 1321 2006 ‹loeere
1362 1964 1522 2006 studuit
1564 1965 1733 2008 Catullo
1785 1965 2044 2007 reddendum
2095 1978 2211 2007 esse:
2265 1964 2619 2019 „Chytrosque

442 2046 654 2098 apertos'··.
684 2041 840 2085 Ovidio
871 2047 1014 2086 autem
1036 2042 1134 2085 Met.
1156 2043 1207 2085 X.
1230 2045 1331 2087 717:
1367 2077 1382 2094 η
1401 2045 1473 2098 Cy
1486 2058 1621 2099 pron
1661 2045 1838 2086 olorinis
1879 2044 2063 2086 nondum
2104 2047 2357 2099 pervenerat
2387 2043 2501 2084 alis‘
2535 2055 2619 2084 non

442 2121 708 2164 ineommode
739 2121 818 2164 hoe
849 2121 1014 2164 inferri:
1062 2156 1077 2173 „
1095 2122 1337 2176 Chytron
1356 2127 1387 2176 “‚
1428 2123 1542 2176 quod
1573 2123 1743 2177 quidem
1776 2123 2028 2165 vocabulum
2069 2122 2275 2176 singulari
2306 2134 2481 2163 numero
2512 2120 2622 2176 posi-

442 2205 532 2241 tum
565 2212 592 2240 a
622 2199 869 2241 Ptolemaeo
901 2196 1101 2255 (Χὺτρυς
1132 2200 1285 2242 Meurs.
1307 2201 1338 2243 Ι.
1361 2205 1385 2241 9
1417 2215 1457 2256 p.
1478 2202 1551 2256 29)
1583 2207 1623 2244 et
1655 2203 1849 2244 Hierocle
1881 2199 2084 2257 (Κύθρος
2105 2202 2241 2243 Wess.
2263 2201 2444 2256 Syneon.
2468 2213 2507 2255 p.
2530 2202 2621 2241 707.

441 2278 591 2331 Engel.
612 2278 643 2319 I.
666 2292 705 2333 p.
731 2277 828 2332 147)
860 2290 913 2321 ne
944 2278 1154 2320 Barlaeus
1194 2279 1365 2333 quidem
1408 2280 1516 2323 inter
1555 2294 1625 2334 ea,
1665 2294 1777 2335 quae
1815 2282 2002 2324 loeorum
2036 2281 2212 2324 Veneris
2252 2281 2387 2322 saeris
2417 2278 2620 2321 nobilium

442 2358 616 2412 propria
648 2358 827 2410 fuerunt,
858 2357 1013 2400 referre
1046 2358 1228 2401 instituit
1259 2359 1516 2402 He1·0ic.1v.
1539 2375 1578 2416 p.
1601 2363 1701 2403 711:
1747 2366 1994 2411 „cernuntur
2025 2362 2204 2403 Veneris
2244 2360 2421 2402 delubra
2463 2358 2623 2399 moveri

443 2437 628 2479 Sedibus
678 2461 733 2465 —
783 2437 836 2478 Et
885 2437 1102 2493 trepidare
1154 2437 1340 2493 Paphos.
1374 2465 1431 2469 —-
1481 2440 1534 2482 Et
1585 2440 1737 2483 Samos
1795 2440 2059 2494 Idaliumque
2117 2454 2265 2483 nemus
2317 2440 2347 2481 C
2360 2453 2386 2493 ,Υ
2398 2452 2425 2493 p
2438 2450 2621 2490 rusque

441 2515 729 2570 Gnidosque.“

612 2595 722 2636 Eece
762 2598 907 2637 autern
950 2594 1016 2637 hic
1058 2595 1182 2650 eopia
1224 2596 1266 2638 tit
1297 2597 1576 2639 subveniendi
1610 2597 1877 2651 Hesychii
1911 2598 2002 2638 loeo
2034 2598 2221 2640 maxime
2252 2610 2379 2650 aegro
2419 2601 2460 2636 et
2489 2606 2621 2649 prope

442 2673 637 2727 deposito
670 2673 702 2715 1.
733 2687 772 2727 p.
797 2675 925 2716 1735:

1183 2755 1472 2806 θρονίτις·
1515 2752 1855 2808 πρώτιστος.

442 2831 554 2871 Nam
587 2842 664 2872 neo
696 2829 874 2871 Vossius
904 2836 946 2872 et·
976 2831 1049 2884 qui
1088 2828 1407 2885 χρωτιστός
1446 2834 1681 2888 proposuit,
1720 2833 1860 2874 Faber
1890 2834 2136 2887 opinionum
2178 2847 2351 2874 suarum
2388 2830 2620 2885 adstipula-

444 2913 558 2950 tores
590 2908 828 2950 habuerunt
858 2914 899 2951 et
931 2910 1105 2952 invento
1136 2909 1313 2953 Albertii
1346 2912 1649 2968 θρανίτης,
1690 2912 1804 2965 quod
1835 2912 2179 2954 Hemsterhnsius
2209 2917 2250 2954 et
2282 2912 2495 2966 Taylorus
2526 2922 2619 2950 con-

441 3001 567 3029 sensu
599 3001 676 3028 suo
708 2988 948 3042 firmarunt,
989 2988 1159 3044 negotio
1191 2990 1457 3033 satisfactum
1488 3004 1583 3034 esse
1624 2991 1740 3033 vocis
1770 2988 2024 3044 ,πρώτιστος
2054 2991 2293 3042 insolentia,
2323 2994 2366 3030 ut
2398 3002 2478 3041 ego
2510 2988 2618 3028 arbi-

442 3072 539 3119 tror,
572 3067 773 3108 offensior
803 3068 954 3109 merito
985 3073 1115 3122 negat
1136 3068 1381 3111 Dindorfius
1403 3068 1548 3125 Steph.
1571 3068 1695 3113 Thes.
1717 3068 1787 3112 IV.
1808 3084 1847 3124 p.
1869 3072 1950 3110 427
1974 3071 2019 3112 ss.
2078 3070 2189 3120 Quid
2219 3070 2306 3111 iam
2329 3068 2618 3110 Sehmidtius?

441 3145 478 3186 is
508 3146 566 3186 ad
597 3151 761 3187 tantam
794 3148 1021 3189 audaciam
1053 3148 1280 3204 prolapsus
1309 3153 1389 3203 est,
1423 3152 1468 3192 ut
1499 3148 1757 3205 Hesychium
1790 3150 2081 3205 suspicaretur
2115 3155 2342 3204 ‚flooring
2364 3148 2399 3203 (ἐ
2413 3145 2617 3204 μπολί)

440 3239 516 3279 per
556 3224 812 3279 ῥωπικὸς
853 3224 1071 3282 φόρτος
1112 3228 1416 3283 inte1·pretari.“
1479 3231 1666 3279 Quorum
1709 3234 2038 3271 commentorum
2073 3227 2335 3283 comparatio
2375 3227 2469 3282 ipsa
2510 3240 2618 3268 com-
