3024 3868
1224 370 1664 418 *ᾕδ-

351 502 486 559 Cypri
514 502 665 546 Rura.“
738 502 892 558 Hymn.
911 516 951 558 p.
975 504 1077 546 118:
1130 502 1314 555 „iunctis
1358 502 1525 547 vehitur
1562 503 1769 546 columbis
1808 503 2099 558 Aeriosque
2148 505 2256 547 altos
2294 510 2338 548 et
2377 504 2523 560 opima

351 582 485 638 Cypri
524 582 706 637 Templa
744 582 936 626 revisens
948 586 982 637 ¹⁴,
1020 583 1089 626 vel
1129 582 1304 638 idcirco,
1343 582 1457 637 quod
1498 583 1649 626 Bembi
1691 583 1927 625 sententiae
1967 582 2135 638 (Achill.
2156 583 2265 628 Stat.
2294 598 2334 640 p.
2361 585 2440 626 183
2470 584 2520 626 cs.

351 660 505 703 Meurs.
525 660 557 704 L
578 662 615 702 3.
635 673 676 715 p.
697 661 734 702 8.
762 664 821 702 15.
850 675 889 715 p.
911 664 964 701 45
986 661 1068 716 sq.)
1097 674 1152 704 ne
1179 662 1272 703 eius
1302 662 1472 715 quidem
1493 662 1566 716 rei,
1596 674 1723 714 quam
1744 661 1903 703 Anecd.
1923 660 2060 703 Boiss.
2081 662 2112 703 Ι.
2133 674 2173 715 p.
2193 663 2274 702 423
2304 661 2517 716 proditam

349 738 541 782 invenio:
608 735 662 780 τὸ
708 740 784 794 τῆς
827 736 1115 796 Χαλκηδόνος
1164 733 1446 796 ἀκρωτήριον
1492 737 1545 782 τὸ
1584 736 1780 782 παλαιὸν
1818 732 1999 795 Ἠρίον
2028 763 2084 769 ——
2112 733 2286 795 Ἠερὶα
2324 755 2519 795 μετωνο-

350 813 503 873 μάσθη
543 811 679 874 ἤγουν
719 811 862 872 denia,
911 818 1313 862 commemoratione
1351 818 1506 861 idonea
1543 818 1764 861 excusatio
1804 818 1953 872 quaeri
1992 823 2148 874 potest,
2185 820 2317 861 tutius
2358 819 2438 861 fuit
2476 820 2519 861 in

351 908 447 938 eam
476 900 657 950 partem,
688 910 771 950 quo
801 901 843 938 et
872 896 1166 951 Lycophronis
1197 899 1305 938 1333
1336 898 1492 939 ducunt
1521 898 1689 939 codices
1721 898 1854 939 Paris.
1874 897 1909 938 F
1938 902 1982 939 et
2012 897 2169 939 Casan.
2220 892 2333 951 Ἔρις
2363 892 2518 953 (Ἄρδις

351 973 442 1015 Pal.
462 973 594 1016 Rehd.
624 974 675 1016 cf.
703 975 810 1017 Xen.
830 975 967 1017 Anab.
990 975 1037 1017 V.
1058 977 1096 1029 6,
1116 976 1142 1016 9
1173 975 1322 1029 τίγρις.
1344 975 1442 1017 add.
1472 976 1579 1018 Plin.
1608 976 1660 1017 N.
1681 975 1732 1018 H.
1753 976 1828 1017 ΙΙΙ.
1851 978 1888 1031 5,
1910 978 1947 1017 7.
2007 975 2135 1017 Iria.
2175 975 2286 1018 Ricc.
2317 975 2451 1018 Paris.
2481 979 2519 1018 4.

352 1052 481 1095 Tria
510 1052 560 1096 cf.
581 1052 734 1096 Catull.
754 1053 874 1097 codd.
895 1053 1090 1110 utrios)
1132 1058 1174 1096 et
1213 1066 1266 1096 ea
1307 1067 1375 1096 res
1414 1068 1495 1097 non
1536 1055 1737 1111 perplexe
1775 1055 1940 1109 dirigit,
1990 1055 2103 1108 quod
2147 1054 2360 1097 Catullum
2401 1055 2515 1096 locos

351 1132 693 1185 Argonautarum
734 1132 891 1173 fabulis
931 1132 1168 1173 celebratos
1207 1131 1431 1186 Bithynico
1470 1134 1617 1176 itinere
1656 1134 1825 1187 penitus
1865 1133 2058 1186 cognitos
2104 1133 2302 1175 habuisse
2351 1133 2518 1186 scimus,

350 1222 479 1263 quam
509 1209 552 1250 in
583 1221 698 1263 eam,
739 1210 806 1251 cui
836 1210 1027 1252 animum
1065 1210 1247 1253 intendit
1284 1209 1469 1252 Achilles
1499 1210 1682 1265 Statius,
1722 1211 2014 1266 spectantibus
2045 1210 2171 1253 Iridis
2209 1210 2325 1252 fluvii
2367 1224 2518 1252 nomen

350 1287 395 1329 in
434 1286 545 1330 hunc
585 1287 755 1330 modum
796 1288 1038 1331 restituere:
1087 1289 1358 1342 „Iriosque
1399 1289 1672 1344 (lridosque
1712 1289 1762 1332 cf.
1795 1290 1982 1332 Coniect.
2012 1294 2142 1332 nostr.
2163 1289 2270 1331 Stat.
2291 1290 2322 1332 I.
2356 1303 2396 1343 p.
2422 1289 2518 1344 160)

351 1369 721 1425 apertum-off
757 1365 821 1421 (ut
852 1370 1098 1422 apertum
1130 1371 1406 1421 stagnum,
1446 1368 1623 1410 lacum
1653 1368 1835 1420 legimus
1864 1367 1982 1422 apud
2013 1367 2223 1410 Avienum
2255 1367 2305 1410 D.
2326 1366 2374 1410 Ο.
2402 1369 2518 1410 1069.

355 1443 496 1499 1177),
528 1458 656 1497 quum
687 1446 939 1499 praesertim
968 1458 1047 1487 nec
1078 1445 1405 1487 Colchorum
1435 1447 1692 1488 mentionem
1724 1446 1931 1501 spreverit
1951 1446 2157 1487 Marullus
2187 1447 2241 1487 iis
2270 1446 2519 1501 rationibus,

351 1535 459 1575 quas
488 1523 660 1577 protulit
690 1525 743 1566 Is.
765 1524 951 1577 Vossius,
981 1524 1359 1567 commendabilem
1390 1531 1431 1566 et
1460 1525 1619 1566 Valeri-i
1650 1525 1794 1565 Flacci
1828 1525 1897 1565 IV.
1919 1524 2341 1566 ooo-testimonium:
2376 1524 2516 1575 „Quid

350 1613 593 1654 memorem,
633 1614 742 1655 quas
772 1602 878 1643 Iris
907 1614 1063 1655 aquas,
1102 1615 1211 1655 quas
1250 1607 1446 1655 torqueat
1475 1604 1656 1643 Ancon
1674 1607 1689 1622 “
1733 1602 1783 1643 cf.
1805 1602 1941 1656 Apoll.
1964 1602 2097 1643 Rhod.
2118 1603 2171 1644 IL
2193 1604 2276 1643 369
2298 1616 2359 1654 sq.
2390 1601 2515 1643 valde

351 1691 581 1731 congruere
610 1679 814 1721 videatur.
874 1679 1031 1721 Verum
1061 1679 1169 1721 hacc
1207 1680 1249 1721 in
1288 1680 1403 1721 nullo
1443 1679 1685 1721 discrimine
1715 1680 1798 1734 ipsi
1829 1680 2044 1734 ponimus;
2083 1693 2182 1721 nam
2214 1680 2327 1720 istud
2368 1680 2515 1721 erios

348 1756 478 1800 etiam
509 1757 680 1800 levioris
709 1757 806 1801 fidei
836 1764 912 1814 est,
942 1771 1071 1812 quam
1092 1759 1284 1814 alterum,
1314 1772 1396 1812 quo
1421 1758 1519 1800 olim
1540 1758 1750 1801 Meursius
1770 1760 1801 1800 I.
1823 1760 1859 1800 8.
1880 1773 1919 1813 p.
1941 1760 2005 1813 23,
2030 1762 2091 1801 11.
2111 1773 2150 1813 p.
2172 1760 2237 1812 37,
2267 1765 2362 1813 post
2382 1758 2516 1800 Meur-

349 1836 458 1878 sium
489 1836 692 1880 Heinsius
722 1843 779 1892 et,
822 1851 875 1881 ne
905 1851 1050 1880 omnes
1079 1850 1343 1892 recenseam,
1383 1837 1680 1880 Lachmannus
1723 1837 2018 1892 Hauptiusque
2058 1843 2101 1879 et
2140 1851 2284 1879 eorum
2324 1837 2513 1892 adstipu-

348 1914 460 1957 lator
480 1915 732 1958 Schwabius
752 1917 1079 1969 acquieverunt:
1111 1916 1274 1958 urios.
1333 1915 1452 1966 Quod
1481 1915 1586 1957 nihil
1616 1915 1736 1958 aliud
1757 1929 1862 1970 esse,
1893 1929 2021 1969 quam
2053 1930 2080 1970 y
2093 1917 2224 1970 rios,
2255 1916 2368 1969 quod
2398 1916 2513 1969 apud

326 1993 502 2036 'Iulium
543 1994 740 2037 Paridem
782 1994 893 2050 Epit.
923 1995 1016 2037 Val.
1045 1995 1158 2037 Max.
1189 1995 1260 2037 VI.
1282 1999 1319 2037 5.
1349 2001 1430 2037 ext.
1460 1999 1484 2036 4
1515 2009 1556 2049 p.
1577 1998 1670 2049 302„
1703 1998 1755 2036 24
1807 2010 1882 2049 pro
1925 1995 2235 2037 Thur-iorum
2280 1996 2512 2037 invenitur:

348 2072 609 2127 yriorum,
649 2073 839 2116 declarat
879 2074 1052 2128 Nestor,
1092 2075 1273 2128 scriptor
1301 2085 1572 2127 nequaquam
1605 2075 1661 2116 ad
1693 2087 1840 2115 onmes
1875 2078 2022 2127 partes
2057 2074 2238 2126 inutilis,
2269 2086 2296 2114 a
2326 2087 2409 2127 quo
2448 2079 2513 2115 ter

348 2148 426 2192 hoc
465 2151 678 2205 proditum
708 2164 823 2194 csse:
864 2151 1194 2206 Thuriosque
1224 2152 1400 2208 (Vocab.
1429 2167 1468 2208 p.
1498 2152 1603 2194 XIV
1632 2166 1741 2195 vers.
1775 2153 1806 2195 C
1838 2165 1946 2194 vers.
1977 2152 2247 2194 CXXXXIV
2270 2165 2396 2195 vers:
2453 2153 2513 2204 „0

348 2241 486 2283 quae
517 2230 713 2273 caeruleo
743 2255 798 2260 —
829 2230 1013 2273 Idalium
1046 2230 1375 2285 'Phariosque
1405 2236 1577 2286 apertos
1606 2256 1661 2261 ——
1693 2231 1960 2284 Cnidumque
2000 2230 2342 2285 arenosam“)
2383 2231 2513 2273 omni·

347 2308 427 2350 bus
457 2307 595 2351 adhuc
627 2309 936 2364 incompertum
967 2314 1043 2353 est.
1104 2309 1296 2353 Indidem
1327 2309 1574 2363 intelligitur
1603 2309 1646 2351 in
1677 2309 1797 2351 libris
1828 2309 2045 2362 Sangerm.
2074 2314 2115 2350 et
2144 2308 2257 2362 Dat„
2288 2309 2359 2362 qui
2391 2322 2512 2363 prae—

348 2386 448 2430 bent
478 2387 787 2442 utriosque,
819 2393 1094 2442 praepostere
1124 2389 1309 2431 litteram
1341 2394 1357 2430 t
1386 2388 1569 2443 positam
1602 2401 1718 2430 esse:
1749 2389 1808 2430 sic
1837 2388 1948 2430 enim
1981 2388 2240 2429 Turinum
2271 2388 2513 2431 invenimus

347 2465 391 2508 in
432 2465 648 2509 codicibus
680 2467 871 2509 Suetonii
899 2469 1008 2521 Aug.
1030 2470 1066 2511 3.
1125 2468 1372 2521 'l'urri0s,
1407 2469 1582 2509 Turos
1621 2468 1665 2509 in
1695 2467 1813 2509 Harl.
1833 2466 1994 2509 Oxonn.
2016 2467 2183 2518 Portug.
2205 2466 2318 2507 Livii
2341 2467 2395 2507 X.
2416 2469 2454 2518 2,
2480 2470 2512 2508 1.

348 2543 505 2599 Tyrii
545 2544 588 2586 in
629 2544 751 2587 Bern.
771 2544 866 2587 Ald.
887 2545 980 2587 Val.
1010 2545 1120 2587 Max.
1140 2545 1167 2588 l.
1187 2544 1226 2588 d.
1246 2548 1289 2588 et
1328 2544 1447 2588 Leid.
1477 2544 1586 2587 Plin.
1617 2544 1667 2587 N.
1689 2544 1739 2587 H.
1760 2544 1835 2587 III.
1860 2547 1921 2598 10,
1943 2547 1967 2585 5
1994 2543 2043 2586 cf.
2064 2544 2140 2586 loc.
2170 2544 2298 2598 paulo
2337 2543 2513 2587 inferius

346 2622 464 2664 affer.
483 2622 577 2665 Nisi
613 2622 709 2675 quis
739 2636 921 2665 errorem
952 2623 1069 2665 illum
1100 2637 1154 2665 ex
1183 2622 1265 2665 hac
1295 2623 1506 2665 scribendi
1536 2623 1718 2665 ratione:
1749 2622 2134 2675 idalifltriosque
2164 2635 2366 2664 manasse
2386 2623 2509 2665 malit

347 2699 530 2743 credere.
588 2701 681 2743 Iam
713 2715 840 2755 quum
871 2707 912 2744 et
942 2702 1055 2743 idcm
1085 2702 1191 2744 illud
1221 2703 1385 2757 Tyrio
1415 2703 1459 2744 in
1480 2703 1591 2744 Ricc.
1611 2702 1717 2744 Plin.
1738 2702 1808 2743 IV.
1830 2705 1866 2755 5,
1890 2704 1911 2742 7
1945 2701 2077 2755 (Thy
2089 2701 2171 2742 rio
2203 2701 2337 2744 Paris.
2359 2700 2402 2756 4)
2434 2715 2511 2755 pro

347 2779 565 2835 Thryon
596 2780 798 2835 scriptum
828 2785 943 2824 extet
972 2786 1014 2824 et
1043 2780 1158 2836 apud
1196 2781 1434 2824 Martialem
1466 2781 1537 2825 IV.
1559 2782 1622 2834 88,
1644 2785 1668 2822 5
1708 2780 1771 2821 his
1810 2780 2019 2822 variatum
2051 2780 2125 2821 sit:
2164 2779 2241 2835 thy
2259 2780 2350 2821 nni
2390 2780 2511 2822 codd.

344 2858 510 2914 plurim.
540 2858 671 2902 thiri
693 2893 702 2902 .
723 2859 820 2901 tiri
841 2859 1077 2903 Wolfenbb.
1106 2860 1252 2901 trani
1283 2859 1393 2903 Gnd.
1423 2860 1683 2913 accedatque
1714 2858 1818 2900 illud
1851 2859 2112 2912 uiuosque,
2145 2859 2259 2912 quod
2292 2872 2317 2901 e
2348 2858 2509 2902 Catulli

343 2938 488 2981 codice
507 2938 662 2982 Hamb.
677 2943 896 2981 enotatum
921 2940 1151 2994 posteriore
1180 2943 1301 2994 parte
1332 2939 1539 2993 syllabam
1572 2952 1665 2980 nos
1686 2937 1811 2980 refert
1833 2937 1901 2991 (cf.
1914 2938 2004 2980 Liv.
2014 2937 2198 2980 XXXII.
2209 2939 2311 2993 36,3
2335 2937 2511 2980 Gaertn.

345 3016 591 3073 Torvum),
622 3017 917 3060 Thronium
948 3022 1091 3061 autem
1122 3017 1240 3073 apud
1270 3017 1437 3061 Livium
1468 3015 1647 3059 XXXV.
1669 3018 1735 3071 37,
1756 3018 1780 3056 6
1813 3016 1855 3057 in
1886 3015 2024 3058 Mead.
2047 3018 2070 3056 2
2101 3018 2144 3057 in
2176 3016 2426 3070 trionium,
2466 3017 2511 3058 in

343 3095 493 3139 Bamb.
522 3095 566 3138 in
597 3095 896 3152 Thryonium
926 3096 1110 3152 verterit,
1140 3096 1319 3139 XXXV.
1341 3098 1407 3150 20,
1427 3099 1451 3137 5
1481 3095 1525 3137 in
1555 3095 1655 3137 Lov.
1685 3095 1728 3136 in
1759 3100 1952 3150 torum,
1970 3095 2025 3136 ·in
2056 3094 2178 3137 Voss.
2198 3095 2243 3137 in
2274 3094 2510 3150 thorum,

344 3175 457 3229 quod
497 3175 637 3230 ipsum
669 3175 841 3230 saepius
870 3176 914 3217 in
944 3175 1081 3218 locum
1112 3175 1229 3218 vocis
1258 3175 1505 3217 thronum
1546 3173 1766 3216 suffectum
1807 3187 1902 3216 csse
1938 3177 2152 3216 testantur
2182 3172 2512 3229 Oudendorpius

344 3253 459 3297 Suet.
480 3255 587 3308 Aug.
608 3256 661 3295 70
691 3268 731 3308 p.
752 3255 833 3297 283
871 3259 914 3296 et
954 3254 1223 3297 Burmannus
1262 3252 1387 3296 Anth.
1418 3253 1510 3295 Lat.
1541 3253 1594 3295 II.
1621 3253 1710 3307 138,
1732 3254 1755 3294 8
1788 3266 1826 3307 p.
1848 3254 1947 3307 322,
1988 3266 2072 3293 non
2112 3252 2303 3295 obscuris
2341 3252 2512 3295 indiciis
