3024 3868
1259 28 1281 52 ἦ
1344 22 1365 44 ’ἶ
1425 31 1478 52 -εκ,
1920 32 1941 41 a

1452 92 1457 94 -
1490 92 1492 94 Υ
2188 75 2238 93 ‘s-fssssss
2261 88 2278 93 ,,

2184 153 2214 175 s.
2230 139 2304 177 Ϊ“’ζ

2209 177 2241 204 '’⁴va
2254 200 2259 202 ,
2277 182 2296 198 «ῑ,
2400 200 2406 204 ἡ
2501 198 2505 201 ,

2225 205 2245 223 ⁷⁷*
2276 219 2279 220 ⁷
2378 206 2418 229 ’ζ’-Δ.

2250 233 2255 235 *
2366 244 2437 267 ι·
2475 258 2531 281 ι.

741 1074 825 1146 ᾗ
926 1046 1309 1153 QJWVffi-{Cs

845 1149 850 1156 Χ
1073 1147 1788 1284 QRALIPOMENA

969 1328 1297 1378 RERUM
1357 1326 2049 1475 CYPRIARUM.J⁴

548 1526 701 1607 Quum
732 1563 890 1606 multae
919 1576 1003 1617 res,
1043 1575 1154 1617 quae
1194 1562 1251 1605 ad
1282 1563 1414 1618 Cypri
1445 1563 1610 1606 insulae
1640 1563 1967 1619 descriptionem
2004 1564 2231 1620 pertinent,
2271 1578 2544 1620 nequaquam

381 1642 490 1683 satis
520 1641 659 1684 adhuc
689 1645 951 1684 contestatae
981 1642 1064 1684 sint
1093 1646 1223 1696 atque
1252 1642 1505 1697 explicatae,
1542 1646 1632 1684 tum
1662 1641 1884 1684 fluviorum
1915 1644 2205 1697 montiumque
2235 1644 2342 1685 situs
2372 1645 2545 1699 amplis—

380 1719 534 1761 simam
566 1720 811 1775 suppeditat
840 1719 1064 1762 dubitandi
1095 1723 1138 1762 et
1163 1720 1434 1774 disceptandi
1463 1722 1699 1764 materiam.
1758 1722 1812 1764 Et
1832 1722 1875 1763 in
1896 1721 2118 1765 fluviorum
2139 1722 2311 1775 quidem
2331 1723 2544 1767 mentione

382 1796 485 1850 quid
513 1797 682 1853 Engelii
721 1811 823 1841 cura
862 1797 1070 1852 reliquum
1110 1797 1273 1853 fecerit,
1312 1812 1365 1842 ex
1395 1798 1465 1853 iis,
1504 1811 1616 1852 quae
1646 1798 1700 1841 de
1731 1797 1932 1841 Setracho
1962 1798 2257 1855 expedivimus
2285 1798 2418 1855 Epist.
2439 1799 2544 1844 Grit.

381 1891 421 1932 p.
445 1865 612 1920 xxvli
643 1890 706 1931 sq.
737 1881 779 1919 et
818 1876 968 1920 Philol.
997 1877 1193 1921 XXXIII
1222 1890 1262 1933 p.
1283 1878 1365 1919 422
1396 1891 1502 1933 sqq„
1542 1878 1652 1921 satis
1686 1883 1883 1934 apparet3
1931 1891 2042 1921 nunc
2080 1878 2257 1921 duorum
2296 1879 2542 1922 memoriam

381 1957 764 2012 promontoriorum
795 1956 1011 2000 subtiliore
1041 1956 1340 2013 disputatione,
1371 1970 1455 2011 qua
1484 1957 1541 2000 ad
1567 1957 1860 2002 emendandos
1890 1958 2052 2012 aliquot
2072 1962 2258 2002 veterum
2288 1958 2540 2014 scriptorum

381 2036 496 2079 locos
525 2051 610 2080 non
640 2035 767 2080 dubie
797 2035 941 2093 profici
971 2036 1181 2091 videatur,
1210 2036 1307 2080 licet
1337 2035 1590 2081 instaurare.

1451 2231 1483 2273 Ι.

552 2333 874 2375 Dinaretum
922 2333 1200 2387 promontorii
1246 2345 1400 2375 nomen
1441 2332 1735 2375 circumfertur
1774 2336 1987 2374 doctorum
2026 2331 2242 2373 hominum
2280 2344 2476 2374 sermone
2515 2344 2543 2374 a

380 2411 555 2453 Meursii
596 2414 737 2453 aetate
777 2410 904 2466 Cypr.
925 2411 956 2453 I.
978 2412 1030 2453 28
1061 2425 1100 2466 p.
1122 2414 1174 2452 75
1215 2423 1350 2465 usque
1389 2410 1447 2453 ad
1485 2411 1709 2466 Engelium
1748 2411 1781 2452 I.
1810 2424 1848 2465 p.
1871 2412 1922 2451 89
1962 2410 2011 2452 cf.
2032 2408 2183 2452 Baehr.
2213 2409 2369 2453 Herod.
2389 2410 2439 2453 V.
2463 2412 2542 2453 108

381 2503 421 2545 p.
443 2491 524 2531 213
556 2493 805 2544 pervagato.
862 2490 1072 2531 Nimirum
1113 2490 1220 2531 satis
1259 2492 1372 2532 ce'rto
1411 2493 1583 2531 auctore
1622 2489 1694 2530 isti
1733 2489 1811 2530 sibi
1853 2493 1964 2530 stare
2004 2488 2200 2529 videntur
2229 2488 2414 2530 Plinio
2444 2487 2544 2530 Nat.

385 2568 489 2611 Hist.
520 2569 568 2612 V.
590 2571 655 2622 31,
676 2570 729 2609 25
759 2568 860 2624 (129
891 2583 930 2625 p.
952 2570 1031 2611 387
1064 2568 1193 2624 Sill.):

653 2648 789 2689 Huius
805 2671 859 2678 —-
874 2647 1180 2703 longitudinem
1191 2647 1309 2690 *inter
1329 2646 1413 2689 duo
1434 2647 1720 2703 promontoria
1740 2646 1842 2688 Din
1855 2659 1881 2688 a
1893 2650 2063 2689 retum
2094 2650 2137 2688 et
2156 2647 2409 2703 Acamanta,
2429 2646 2544 2701 quod

652 2730 716 2768 est
747 2725 805 2769 ad
833 2737 1043 2780 occasum,
1072 2725 1367 2769 Artemidorus
1397 2725 1555 2768 CLXII
1586 2726 1634 2781 D,
1665 2725 1963 2768 Timosthenes
1993 2725 2062 2768 OC
2094 2724 2334 2783 (prodidit).

552 2805 690 2856 Quam
730 2805 1025 2848 auctoritatem
1060 2806 1263 2848 vacillare
1302 2806 1370 2847 vel
1418 2806 1554 2847 iacere
1593 2805 1732 2860 potius
1767 2805 2020 2860 perspicitur
2059 2805 2127 2847 vel
2165 2804 2245 2847 hoc
2283 2810 2546 2862 argumento,

381 2884 497 2938 quod
527 2897 688 2939 eorum,
719 2896 830 2937 quae
859 2884 968 2927 inter
997 2884 1128 2926 libros
1156 2884 1414 2939 discrepant,
1445 2884 1708 2926 contentione
1747 2884 1861 2925 faeta
1890 2883 1970 2925 hoc
1998 2884 2175 2939 emergit
2205 2889 2335 2938 atque
2364 2889 2546 2940 apparet

387 2967 485 3017 post
514 2963 679 3005 litteras
710 2963 738 3004 d
766 2969 808 3005 et
837 2964 875 3007 cl
903 2964 1014 3005 inter
1043 2975 1088 3005 se
1118 2963 1352 3018 permixtas
1382 2962 1484 3017 (quo
1513 2962 1683 3015 quidem
1713 2973 1853 3004 errore
1883 2963 2042 3004 nullum
2073 2976 2099 3004 a
2135 2963 2324 3005 librariis
2353 2963 2547 3017 frequen-

381 3039 465 3082 tius
496 3041 730 3083 admissum
760 3054 854 3084 esse
883 3054 1006 3084 nemo
1036 3040 1219 3097 ignorat)
1249 3040 1471 3093 accidisse,
1511 3045 1557 3082 ut
1597 3053 1670 3096 per
1709 3039 1787 3081 hos
1823 3041 2024 3096 deinceps
2054 3041 2233 3095 gradus:
2282 3041 2456 3083 Didas
2493 3046 2546 3084 et
