<?xml version="1.0" encoding="UTF-8"?>
<!DOCTYPE html PUBLIC "-//W3C//DTD XHTML 1.0 Transitional//EN"
    "http://www.w3.org/TR/xhtml1/DTD/xhtml1-transitional.dtd">
<html xmlns="http://www.w3.org/1999/xhtml" xml:lang="en" lang="en">
 <head>
  <title>
</title>
<meta http-equiv="Content-Type" content="text/html;charset=utf-8" />
  <meta name='ocr-system' content='tesseract 3.04.00' />
  <meta name='ocr-capabilities' content='ocr_page ocr_carea ocr_par ocr_line ocrx_word'/>
</head>
<body>
  <div class='ocr_page' id='page_1' title='image "4763754_0015.png"; bbox 0 0 3024 3868; ppageno 0'>
   <div class='ocr_carea' id='block_1_1' title="bbox 0 0 365 118">
    <p class='ocr_par' dir='ltr' id='par_1_1' title="bbox 0 0 365 118">
     <span class='ocr_line' id='line_1_1' title="bbox 0 0 365 118; baseline 0 3750"><span class='ocrx_word' id='word_1_1' title='bbox 0 0 365 118; x_wconf 95' lang='lat' dir='ltr'><strong> </strong></span> 
     </span>
    </p>
   </div>
   <div class='ocr_carea' id='block_1_2' title="bbox 1364 368 1473 414">
    <p class='ocr_par' dir='ltr' id='par_1_2' title="bbox 1364 368 1473 414">
     <span class='ocr_line' id='line_1_2' title="bbox 1364 368 1473 414; baseline 0 0"><span class='ocrx_word' id='word_1_2' title='bbox 1364 368 1473 414; x_wconf 62' lang='lat' dir='ltr'><strong>j7</strong></span> 
     </span>
    </p>
   </div>
   <div class='ocr_carea' id='block_1_3' title="bbox 372 499 2548 1901">
    <p class='ocr_par' dir='ltr' id='par_1_3' title="bbox 379 499 2548 1268">
     <span class='ocr_line' id='line_1_3' title="bbox 382 499 2548 558; baseline 0.001 -15"><span class='ocrx_word' id='word_1_3' title='bbox 382 500 671 543; x_wconf 77' lang='lat' dir='ltr'><strong>mendabilem</strong></span> <span class='ocrx_word' id='word_1_4' title='bbox 703 500 805 543; x_wconf 79' lang='lat' dir='ltr'><strong>facit</strong></span> <span class='ocrx_word' id='word_1_5' title='bbox 834 500 902 544; x_wconf 86' lang='lat' dir='ltr'><strong>vel</strong></span> <span class='ocrx_word' id='word_1_6' title='bbox 932 500 1043 543; x_wconf 83' lang='lat' dir='ltr'><strong>hane</strong></span> <span class='ocrx_word' id='word_1_7' title='bbox 1073 499 1330 556; x_wconf 84' lang='lat' dir='ltr'><strong>expediendi</strong></span> <span class='ocrx_word' id='word_1_8' title='bbox 1358 500 1581 556; x_wconf 83' lang='lat' dir='ltr'><strong>rationem,</strong></span> <span class='ocrx_word' id='word_1_9' title='bbox 1622 502 1655 543; x_wconf 85' lang='lat' dir='ltr'><strong>si</strong></span> <span class='ocrx_word' id='word_1_10' title='bbox 1688 502 1785 555; x_wconf 87' lang='lat' dir='ltr'><strong>quis</strong></span> <span class='ocrx_word' id='word_1_11' title='bbox 1815 502 2003 544; x_wconf 84' lang='lat' dir='ltr'><strong>animum</strong></span> <span class='ocrx_word' id='word_1_12' title='bbox 2034 502 2211 545; x_wconf 80' lang='lat' dir='ltr'><strong>inducat</strong></span> <span class='ocrx_word' id='word_1_13' title='bbox 2239 504 2420 558; x_wconf 84' lang='lat' dir='ltr'><strong>priorem</strong></span> <span class='ocrx_word' id='word_1_14' title='bbox 2452 516 2548 558; x_wconf 82' lang='lat' dir='ltr'><strong>par-</strong></span> 
     </span>
     <span class='ocr_line' id='line_1_4' title="bbox 381 578 2547 636; baseline 0.001 -15"><span class='ocrx_word' id='word_1_15' title='bbox 381 583 465 622; x_wconf 84' lang='lat' dir='ltr'><strong>tem</strong></span> <span class='ocrx_word' id='word_1_16' title='bbox 497 579 700 635; x_wconf 75' lang='grc' dir='ltr'><strong><em>θρονὶτις</em></strong></span> <span class='ocrx_word' id='word_1_17' title='bbox 728 595 830 635; x_wconf 81' lang='grc' dir='ltr'><strong>πρω</strong></span> <span class='ocrx_word' id='word_1_18' title='bbox 860 579 940 622; x_wconf 83' lang='lat' dir='ltr'><strong>hoe</strong></span> <span class='ocrx_word' id='word_1_19' title='bbox 969 581 1175 623; x_wconf 77' lang='lat' dir='ltr'><strong>resarcire</strong></span> <span class='ocrx_word' id='word_1_20' title='bbox 1204 580 1522 636; x_wconf 85' lang='lat' dir='ltr'><strong>supplemento:</strong></span> <span class='ocrx_word' id='word_1_21' title='bbox 1555 578 1720 636; x_wconf 83' lang='grc' dir='ltr'><strong><em>θρόνοι</em></strong></span> <span class='ocrx_word' id='word_1_22' title='bbox 1752 583 1828 636; x_wconf 76' lang='grc' dir='ltr'><strong>τῆς</strong></span> <span class='ocrx_word' id='word_1_23' title='bbox 1860 578 2065 635; x_wconf 72' lang='grc' dir='ltr'><strong><em>Κύπρου,</em></strong></span> <span class='ocrx_word' id='word_1_24' title='bbox 2101 582 2373 635; x_wconf 79' lang='lat' dir='ltr'><strong>posteriorem</strong></span> <span class='ocrx_word' id='word_1_25' title='bbox 2405 582 2547 624; x_wconf 82' lang='lat' dir='ltr'><strong>dieere</strong></span> 
     </span>
     <span class='ocr_line' id='line_1_5' title="bbox 381 657 2547 716; baseline 0.001 -16"><span class='ocrx_word' id='word_1_26' title='bbox 381 659 560 702; x_wconf 81' lang='lat' dir='ltr'><strong>vertisse</strong></span> <span class='ocrx_word' id='word_1_27' title='bbox 590 659 632 701; x_wconf 90' lang='lat' dir='ltr'><strong>in</strong></span> <span class='ocrx_word' id='word_1_28' title='bbox 663 670 832 711; x_wconf 83' lang='grc' dir='ltr'><strong><em>τιστος,</em></strong></span> <span class='ocrx_word' id='word_1_29' title='bbox 871 670 1002 713; x_wconf 88' lang='lat' dir='ltr'><strong>quum</strong></span> <span class='ocrx_word' id='word_1_30' title='bbox 1032 663 1164 702; x_wconf 79' lang='lat' dir='ltr'><strong>antea</strong></span> <span class='ocrx_word' id='word_1_31' title='bbox 1194 658 1343 703; x_wconf 79' lang='lat' dir='ltr'><strong>fuisset</strong></span> <span class='ocrx_word' id='word_1_32' title='bbox 1372 659 1527 711; x_wconf 79' lang='grc' dir='ltr'><strong><em>τισίας,</em></strong></span> <span class='ocrx_word' id='word_1_33' title='bbox 1556 667 1602 701; x_wconf 84' lang='lat' dir='ltr'><strong>ut</strong></span> <span class='ocrx_word' id='word_1_34' title='bbox 1631 658 1738 701; x_wconf 83' lang='lat' dir='ltr'><strong>haee</strong></span> <span class='ocrx_word' id='word_1_35' title='bbox 1767 660 1859 701; x_wconf 86' lang='lat' dir='ltr'><strong>eius</strong></span> <span class='ocrx_word' id='word_1_36' title='bbox 1888 660 1969 701; x_wconf 72' lang='lat' dir='ltr'><strong>loci</strong></span> <span class='ocrx_word' id='word_1_37' title='bbox 1999 658 2071 701; x_wconf 80' lang='lat' dir='ltr'><strong>fiat</strong></span> <span class='ocrx_word' id='word_1_38' title='bbox 2103 660 2341 702; x_wconf 82' lang='lat' dir='ltr'><strong>renovatio:</strong></span> <span class='ocrx_word' id='word_1_39' title='bbox 2380 657 2547 716; x_wconf 83' lang='grc' dir='ltr'><strong><em>Θρόνοι</em></strong></span> 
     </span>
     <span class='ocr_line' id='line_1_6' title="bbox 381 732 2545 796; baseline -0 -13"><span class='ocrx_word' id='word_1_40' title='bbox 381 740 458 796; x_wconf 82' lang='grc' dir='ltr'><strong>τῆς</strong></span> <span class='ocrx_word' id='word_1_41' title='bbox 489 736 698 794; x_wconf 82' lang='grc' dir='ltr'><strong><em>Κύπρου·</em></strong></span> <span class='ocrx_word' id='word_1_42' title='bbox 732 739 951 795; x_wconf 77' lang='grc' dir='ltr'><strong><em>Κτησίας;</em></strong></span> <span class='ocrx_word' id='word_1_43' title='bbox 990 739 1178 782; x_wconf 83' lang='lat' dir='ltr'><strong>Ctesiam</strong></span> <span class='ocrx_word' id='word_1_44' title='bbox 1209 740 1321 782; x_wconf 88' lang='lat' dir='ltr'><strong>enim</strong></span> <span class='ocrx_word' id='word_1_45' title='bbox 1352 745 1520 781; x_wconf 78' lang='lat' dir='ltr'><strong>constat</strong></span> <span class='ocrx_word' id='word_1_46' title='bbox 1548 739 1650 795; x_wconf 76' lang='grc' dir='ltr'><strong>περὶ</strong></span> <span class='ocrx_word' id='word_1_47' title='bbox 1681 732 1802 793; x_wconf 79' lang='grc' dir='ltr'><strong><em>ὀρῶν</em></strong></span> <span class='ocrx_word' id='word_1_48' title='bbox 1832 740 2066 794; x_wconf 74' lang='lat' dir='ltr'>scripsisse.</span> <span class='ocrx_word' id='word_1_49' title='bbox 2124 738 2260 790; x_wconf 84' lang='lat' dir='ltr'><strong>Quam</strong></span> <span class='ocrx_word' id='word_1_50' title='bbox 2292 740 2545 783; x_wconf 77' lang='lat' dir='ltr'><strong>sententiam</strong></span> 
     </span>
     <span class='ocr_line' id='line_1_7' title="bbox 385 817 2547 874; baseline -0 -13"><span class='ocrx_word' id='word_1_51' title='bbox 385 817 458 873; x_wconf 90' lang='lat' dir='ltr'><strong>qui</strong></span> <span class='ocrx_word' id='word_1_52' title='bbox 488 832 566 861; x_wconf 89' lang='lat' dir='ltr'><strong>nos</strong></span> <span class='ocrx_word' id='word_1_53' title='bbox 596 817 707 861; x_wconf 83' lang='lat' dir='ltr'><strong>dioet</strong></span> <span class='ocrx_word' id='word_1_54' title='bbox 736 817 963 874; x_wconf 85' lang='lat' dir='ltr'><strong>protulisse</strong></span> <span class='ocrx_word' id='word_1_55' title='bbox 993 824 1066 861; x_wconf 84' lang='lat' dir='ltr'><strong>aut</strong></span> <span class='ocrx_word' id='word_1_56' title='bbox 1095 818 1361 874; x_wconf 79' lang='lat' dir='ltr'><strong>experientes</strong></span> <span class='ocrx_word' id='word_1_57' title='bbox 1390 818 1647 862; x_wconf 72' lang='lat' dir='ltr'><strong>subtiliorem</strong></span> <span class='ocrx_word' id='word_1_58' title='bbox 1678 818 1844 874; x_wconf 74' lang='lat' dir='ltr'><strong>occulta</strong></span> <span class='ocrx_word' id='word_1_59' title='bbox 1875 819 2090 861; x_wconf 77' lang='lat' dir='ltr'><strong>scrutandi</strong></span> <span class='ocrx_word' id='word_1_60' title='bbox 2121 832 2266 860; x_wconf 81' lang='lat' dir='ltr'><strong>euram</strong></span> <span class='ocrx_word' id='word_1_61' title='bbox 2297 824 2372 860; x_wconf 80' lang='lat' dir='ltr'><strong>aut</strong></span> <span class='ocrx_word' id='word_1_62' title='bbox 2402 819 2547 861; x_wconf 88' lang='lat' dir='ltr'><strong>luden-</strong></span> 
     </span>
     <span class='ocr_line' id='line_1_8' title="bbox 379 897 2546 952; baseline -0 -12"><span class='ocrx_word' id='word_1_63' title='bbox 379 901 454 952; x_wconf 75' lang='lat' dir='ltr'><strong>teS,</strong></span> <span class='ocrx_word' id='word_1_64' title='bbox 483 902 633 951; x_wconf 87' lang='lat' dir='ltr'><strong>arguet</strong></span> <span class='ocrx_word' id='word_1_65' title='bbox 662 897 865 941; x_wconf 80' lang='lat' dir='ltr'><strong>fatentes:</strong></span> <span class='ocrx_word' id='word_1_66' title='bbox 902 897 1108 940; x_wconf 86' lang='lat' dir='ltr'><strong>habemus</strong></span> <span class='ocrx_word' id='word_1_67' title='bbox 1138 898 1269 952; x_wconf 89' lang='lat' dir='ltr'><strong>enim,</strong></span> <span class='ocrx_word' id='word_1_68' title='bbox 1298 897 1411 951; x_wconf 89' lang='lat' dir='ltr'><strong>quod</strong></span> <span class='ocrx_word' id='word_1_69' title='bbox 1441 897 1611 951; x_wconf 85' lang='lat' dir='ltr'><strong>liqueat.</strong></span> <span class='ocrx_word' id='word_1_70' title='bbox 1670 897 1782 939; x_wconf 80' lang='lat' dir='ltr'><strong>Nam</strong></span> <span class='ocrx_word' id='word_1_71' title='bbox 1815 897 1886 951; x_wconf 92' lang='lat' dir='ltr'><strong>qui</strong></span> <span class='ocrx_word' id='word_1_72' title='bbox 1918 897 2010 939; x_wconf 73' lang='lat' dir='ltr'><strong>eius</strong></span> <span class='ocrx_word' id='word_1_73' title='bbox 2041 898 2102 939; x_wconf 86' lang='lat' dir='ltr'><strong>rei</strong></span> <span class='ocrx_word' id='word_1_74' title='bbox 2132 897 2378 940; x_wconf 76' lang='lat' dir='ltr'><strong>reeordatus</strong></span> <span class='ocrx_word' id='word_1_75' title='bbox 2408 898 2546 952; x_wconf 88' lang='lat' dir='ltr'><strong>fuerit,</strong></span> 
     </span>
     <span class='ocr_line' id='line_1_9' title="bbox 381 969 2546 1031; baseline 0 -14"><span class='ocrx_word' id='word_1_76' title='bbox 381 988 510 1029; x_wconf 86' lang='lat' dir='ltr'><strong>quam</strong></span> <span class='ocrx_word' id='word_1_77' title='bbox 542 987 569 1016; x_wconf 88' lang='lat' dir='ltr'><strong>a</strong></span> <span class='ocrx_word' id='word_1_78' title='bbox 599 974 815 1017; x_wconf 81' lang='lat' dir='ltr'><strong>Pausania</strong></span> <span class='ocrx_word' id='word_1_79' title='bbox 851 975 1064 1030; x_wconf 83' lang='lat' dir='ltr'><strong>proditam</strong></span> <span class='ocrx_word' id='word_1_80' title='bbox 1097 975 1143 1017; x_wconf 88' lang='lat' dir='ltr'><strong>V.</strong></span> <span class='ocrx_word' id='word_1_81' title='bbox 1166 977 1230 1028; x_wconf 78' lang='lat'><strong>22,</strong></span> <span class='ocrx_word' id='word_1_82' title='bbox 1252 977 1297 1017; x_wconf 86' lang='lat'><strong>3:</strong></span> <span class='ocrx_word' id='word_1_83' title='bbox 1347 971 1373 1031; x_wconf 74' lang='grc' dir='ltr'><em>ἢ</em></span> <span class='ocrx_word' id='word_1_84' title='bbox 1403 975 1451 1017; x_wconf 75' lang='grc' dir='ltr'><strong>δὲ</strong></span> <span class='ocrx_word' id='word_1_85' title='bbox 1477 969 1670 1028; x_wconf 72' lang='grc' dir='ltr'><strong><em>Ἀβαντὶς</em></strong></span> <span class='ocrx_word' id='word_1_86' title='bbox 1709 976 1959 1031; x_wconf 76' lang='grc' dir='ltr'><strong><em>καλουμένη</em></strong></span> <span class='ocrx_word' id='word_1_87' title='bbox 1993 974 2118 1031; x_wconf 80' lang='grc' dir='ltr'><strong><em>χώρα</em></strong></span> <span class='ocrx_word' id='word_1_88' title='bbox 2165 977 2238 1018; x_wconf 80' lang='grc' dir='ltr'><strong>καὶ</strong></span> <span class='ocrx_word' id='word_1_89' title='bbox 2274 973 2468 1030; x_wconf 77' lang='grc' dir='ltr'><strong><em>πόλισμα</em></strong></span> <span class='ocrx_word' id='word_1_90' title='bbox 2497 975 2546 1018; x_wconf 73' lang='grc' dir='ltr'><strong><em>ἐν</em></strong></span> 
     </span>
     <span class='ocr_line' id='line_1_10' title="bbox 382 1043 2547 1110; baseline 0 -14"><span class='ocrx_word' id='word_1_91' title='bbox 382 1047 495 1109; x_wconf 73' lang='grc' dir='ltr'><em>αὐτῇ</em></span> <span class='ocrx_word' id='word_1_92' title='bbox 528 1050 722 1109; x_wconf 77' lang='grc' dir='ltr'><strong><em>Θρόνιον</em></strong></span> <span class='ocrx_word' id='word_1_93' title='bbox 751 1056 828 1110; x_wconf 80' lang='grc' dir='ltr'><strong>τῆς</strong></span> <span class='ocrx_word' id='word_1_94' title='bbox 860 1053 1173 1109; x_wconf 76' lang='grc' dir='ltr'><strong><em>θεσπρωτὶδος</em></strong></span> <span class='ocrx_word' id='word_1_95' title='bbox 1203 1043 1316 1109; x_wconf 78' lang='grc' dir='ltr'><strong><em>ἦσαν</em></strong></span> <span class='ocrx_word' id='word_1_96' title='bbox 1344 1047 1544 1109; x_wconf 77' lang='grc' dir='ltr'><strong><em>Ἠπείρου</em></strong></span> <span class='ocrx_word' id='word_1_97' title='bbox 1575 1052 1691 1098; x_wconf 80' lang='grc' dir='ltr'><em>κατὰ</em></span> <span class='ocrx_word' id='word_1_98' title='bbox 1722 1052 1777 1097; x_wconf 81' lang='grc' dir='ltr'><strong>τὰ</strong></span> <span class='ocrx_word' id='word_1_99' title='bbox 1808 1052 2031 1110; x_wconf 72' lang='grc' dir='ltr'><strong>Κεραύνια</strong></span> <span class='ocrx_word' id='word_1_100' title='bbox 2061 1056 2278 1097; x_wconf 79' lang='lat' dir='ltr'><strong>enarravit</strong></span> <span class='ocrx_word' id='word_1_101' title='bbox 2308 1055 2547 1097; x_wconf 80' lang='lat' dir='ltr'><strong>Palmerius</strong></span> 
     </span>
     <span class='ocr_line' id='line_1_11' title="bbox 381 1132 2370 1189; baseline 0 -13"><span class='ocrx_word' id='word_1_102' title='bbox 381 1133 532 1176; x_wconf 77' lang='lat' dir='ltr'><strong>Graec.</strong></span> <span class='ocrx_word' id='word_1_103' title='bbox 553 1134 650 1175; x_wconf 86' lang='lat' dir='ltr'><strong>Ant.</strong></span> <span class='ocrx_word' id='word_1_104' title='bbox 671 1133 702 1175; x_wconf 93' lang='grc' dir='ltr'><strong>Ι.</strong></span> <span class='ocrx_word' id='word_1_105' title='bbox 724 1134 788 1175; x_wconf 81' lang='lat'><strong>31.</strong></span> <span class='ocrx_word' id='word_1_106' title='bbox 809 1145 848 1187; x_wconf 88' lang='lat' dir='ltr'><strong>p.</strong></span> <span class='ocrx_word' id='word_1_107' title='bbox 873 1135 963 1187; x_wconf 87' lang='lat'>171,</span> <span class='ocrx_word' id='word_1_108' title='bbox 993 1132 1119 1176; x_wconf 79' lang='lat' dir='ltr'><strong>facile</strong></span> <span class='ocrx_word' id='word_1_109' title='bbox 1149 1132 1352 1188; x_wconf 66' lang='lat' dir='ltr'><strong>consedet</strong></span> <span class='ocrx_word' id='word_1_110' title='bbox 1381 1132 1488 1176; x_wconf 79' lang='lat' dir='ltr'><strong>haee</strong></span> <span class='ocrx_word' id='word_1_111' title='bbox 1516 1134 1573 1176; x_wconf 85' lang='lat' dir='ltr'><strong>ad</strong></span> <span class='ocrx_word' id='word_1_112' title='bbox 1603 1136 1923 1189; x_wconf 73' lang='lat' dir='ltr'><strong>persuasionem</strong></span> <span class='ocrx_word' id='word_1_113' title='bbox 1955 1135 2149 1189; x_wconf 82' lang='lat' dir='ltr'><strong>apposite</strong></span> <span class='ocrx_word' id='word_1_114' title='bbox 2182 1136 2370 1176; x_wconf 68' lang='lat' dir='ltr'><strong>restitui:</strong></span> 
     </span>
     <span class='ocr_line' id='line_1_12' title="bbox 1067 1213 1846 1268; baseline 0.003 -15"><span class='ocrx_word' id='word_1_115' title='bbox 1067 1214 1341 1267; x_wconf 78' lang='grc' dir='ltr'><strong><em>θρονῖτις·</em></strong></span> <span class='ocrx_word' id='word_1_116' title='bbox 1384 1213 1711 1268; x_wconf 73' lang='grc' dir='ltr'><strong><em>Θεσπρωτὶς</em></strong></span> <span class='ocrx_word' id='word_1_117' title='bbox 1752 1229 1846 1263; x_wconf 72' lang='grc' dir='ltr'><strong>τις.</strong></span> 
     </span>
    </p>

    <p class='ocr_par' dir='ltr' id='par_1_4' title="bbox 372 1288 2544 1901">
     <span class='ocr_line' id='line_1_13' title="bbox 376 1288 2544 1346; baseline 0.001 -15"><span class='ocrx_word' id='word_1_118' title='bbox 376 1288 498 1342; x_wconf 79' lang='lat' dir='ltr'><strong>Quod</strong></span> <span class='ocrx_word' id='word_1_119' title='bbox 537 1289 708 1343; x_wconf 88' lang='lat' dir='ltr'><strong>quidem</strong></span> <span class='ocrx_word' id='word_1_120' title='bbox 749 1289 864 1332; x_wconf 88' lang='lat' dir='ltr'><strong>nullo</strong></span> <span class='ocrx_word' id='word_1_121' title='bbox 904 1289 949 1332; x_wconf 81' lang='lat' dir='ltr'><strong>fit</strong></span> <span class='ocrx_word' id='word_1_122' title='bbox 990 1291 1182 1344; x_wconf 86' lang='lat' dir='ltr'><strong>negotio:</strong></span> <span class='ocrx_word' id='word_1_123' title='bbox 1230 1302 1330 1334; x_wconf 85' lang='lat' dir='ltr'><strong>nam</strong></span> <span class='ocrx_word' id='word_1_124' title='bbox 1363 1294 1405 1332; x_wconf 86' lang='lat' dir='ltr'><strong>et</strong></span> <span class='ocrx_word' id='word_1_125' title='bbox 1436 1291 1526 1333; x_wconf 84' lang='lat' dir='ltr'><strong>eius</strong></span> <span class='ocrx_word' id='word_1_126' title='bbox 1554 1292 1667 1346; x_wconf 87' lang='lat' dir='ltr'><strong>vitii,</strong></span> <span class='ocrx_word' id='word_1_127' title='bbox 1706 1306 1790 1345; x_wconf 89' lang='lat' dir='ltr'><strong>quo</strong></span> <span class='ocrx_word' id='word_1_128' title='bbox 1831 1291 2097 1333; x_wconf 88' lang='lat' dir='ltr'><strong>imminutum</strong></span> <span class='ocrx_word' id='word_1_129' title='bbox 2139 1298 2204 1333; x_wconf 80' lang='lat' dir='ltr'><strong>est</strong></span> <span class='ocrx_word' id='word_1_130' title='bbox 2244 1304 2395 1333; x_wconf 88' lang='lat' dir='ltr'><strong>nomen</strong></span> <span class='ocrx_word' id='word_1_131' title='bbox 2439 1293 2544 1334; x_wconf 61' lang='grc' dir='ltr'><strong>Θεσ-</strong></span> 
     </span>
     <span class='ocr_line' id='line_1_14' title="bbox 377 1363 2544 1427; baseline 0 -15"><span class='ocrx_word' id='word_1_132' title='bbox 377 1369 548 1425; x_wconf 81' lang='grc' dir='ltr'><strong><em>πρωτίς</em></strong></span> <span class='ocrx_word' id='word_1_133' title='bbox 591 1367 676 1424; x_wconf 82' lang='lat' dir='ltr'><strong>(eui</strong></span> <span class='ocrx_word' id='word_1_134' title='bbox 718 1368 898 1411; x_wconf 85' lang='lat' dir='ltr'><strong>fortasse</strong></span> <span class='ocrx_word' id='word_1_135' title='bbox 937 1382 1020 1410; x_wconf 88' lang='lat' dir='ltr'><strong>non</strong></span> <span class='ocrx_word' id='word_1_136' title='bbox 1061 1368 1195 1412; x_wconf 85' lang='lat' dir='ltr'><strong>deerit</strong></span> <span class='ocrx_word' id='word_1_137' title='bbox 1233 1368 1304 1423; x_wconf 91' lang='lat' dir='ltr'><strong>qui</strong></span> <span class='ocrx_word' id='word_1_138' title='bbox 1341 1368 1551 1424; x_wconf 81' lang='lat' dir='ltr'><strong>praeferat</strong></span> <span class='ocrx_word' id='word_1_139' title='bbox 1581 1363 1870 1427; x_wconf 76' lang='grc' dir='ltr'><strong><em>Ἠπειρῶτις),</em></strong></span> <span class='ocrx_word' id='word_1_140' title='bbox 1922 1371 2155 1413; x_wconf 77' lang='lat' dir='ltr'><strong>similitudo</strong></span> <span class='ocrx_word' id='word_1_141' title='bbox 2205 1370 2389 1413; x_wconf 68' lang='lat' dir='ltr'><strong>(emitur</strong></span> <span class='ocrx_word' id='word_1_142' title='bbox 2427 1369 2544 1425; x_wconf 78' lang='lat' dir='ltr'><strong>apud</strong></span> 
     </span>
     <span class='ocr_line' id='line_1_15' title="bbox 376 1447 2543 1506; baseline 0 -15"><span class='ocrx_word' id='word_1_143' title='bbox 376 1449 544 1491; x_wconf 90' lang='lat' dir='ltr'><strong>Livium</strong></span> <span class='ocrx_word' id='word_1_144' title='bbox 566 1448 682 1491; x_wconf 92' lang='lat' dir='ltr'>VIII.</span> <span class='ocrx_word' id='word_1_145' title='bbox 703 1447 1474 1504; x_wconf 60' lang='grc' dir='ltr'><strong>24,;-;;,’1“ἱιεερι·οῑὶυεέὶιιυε.“</strong></span> <span class='ocrx_word' id='word_1_146' title='bbox 1535 1451 1638 1493; x_wconf 90' lang='lat' dir='ltr'><strong>Lov.</strong></span> <span class='ocrx_word' id='word_1_147' title='bbox 1659 1452 1683 1492; x_wconf 80' lang='lat'><strong>2</strong></span> <span class='ocrx_word' id='word_1_148' title='bbox 1710 1450 2011 1506; x_wconf 75' lang='lat' dir='ltr'><strong>„promptis</strong></span> <span class='ocrx_word' id='word_1_149' title='bbox 2042 1451 2196 1492; x_wconf 79' lang='lat' dir='ltr'><strong>sinus</strong></span> <span class='ocrx_word' id='word_1_150' title='bbox 2214 1454 2229 1470; x_wconf 77' lang='lat'>“</span> <span class='ocrx_word' id='word_1_151' title='bbox 2255 1456 2298 1492; x_wconf 88' lang='lat' dir='ltr'><strong>et</strong></span> <span class='ocrx_word' id='word_1_152' title='bbox 2317 1450 2360 1491; x_wconf 90' lang='lat' dir='ltr'><strong>in</strong></span> <span class='ocrx_word' id='word_1_153' title='bbox 2381 1463 2431 1492; x_wconf 89' lang='lat' dir='ltr'><strong>eo</strong></span> <span class='ocrx_word' id='word_1_154' title='bbox 2454 1449 2543 1492; x_wconf 86' lang='lat' dir='ltr'><strong>Ste-</strong></span> 
     </span>
     <span class='ocr_line' id='line_1_16' title="bbox 374 1525 2543 1585; baseline 0 -14"><span class='ocrx_word' id='word_1_155' title='bbox 374 1529 505 1584; x_wconf 84' lang='lat' dir='ltr'><strong>phani</strong></span> <span class='ocrx_word' id='word_1_156' title='bbox 545 1529 645 1583; x_wconf 81' lang='lat' dir='ltr'><strong>Byz.</strong></span> <span class='ocrx_word' id='word_1_157' title='bbox 674 1529 765 1571; x_wconf 82' lang='lat' dir='ltr'><strong>loeo</strong></span> <span class='ocrx_word' id='word_1_158' title='bbox 796 1528 852 1583; x_wconf 86' lang='lat' dir='ltr'><strong>(v.</strong></span> <span class='ocrx_word' id='word_1_159' title='bbox 875 1530 1125 1571; x_wconf 80' lang='grc' dir='ltr'><strong><em>Γαλεῶται.·</em></strong></span> <span class='ocrx_word' id='word_1_160' title='bbox 1170 1528 1277 1581; x_wconf 84' lang='grc' dir='ltr'><em>φασὶ</em></span> <span class='ocrx_word' id='word_1_161' title='bbox 1319 1528 1366 1571; x_wconf 74' lang='grc' dir='ltr'><strong>ὀὶ·</strong></span> <span class='ocrx_word' id='word_1_162' title='bbox 1407 1525 1488 1571; x_wconf 85' lang='grc' dir='ltr'><strong><em>τὸν</em></strong></span> <span class='ocrx_word' id='word_1_163' title='bbox 1525 1529 1786 1585; x_wconf 78' lang='grc' dir='ltr'><strong><em>πρῶτον),</em></strong></span> <span class='ocrx_word' id='word_1_164' title='bbox 1824 1530 1878 1571; x_wconf 91' lang='lat' dir='ltr'><strong>de</strong></span> <span class='ocrx_word' id='word_1_165' title='bbox 1908 1543 1991 1583; x_wconf 86' lang='lat' dir='ltr'><strong>quo</strong></span> <span class='ocrx_word' id='word_1_166' title='bbox 2023 1543 2124 1572; x_wconf 88' lang='lat' dir='ltr'><strong>vere</strong></span> <span class='ocrx_word' id='word_1_167' title='bbox 2164 1543 2240 1571; x_wconf 82' lang='lat' dir='ltr'><strong>nos</strong></span> <span class='ocrx_word' id='word_1_168' title='bbox 2270 1530 2421 1572; x_wconf 78' lang='lat' dir='ltr'><strong>Eleett.</strong></span> <span class='ocrx_word' id='word_1_169' title='bbox 2443 1530 2543 1572; x_wconf 79' lang='lat' dir='ltr'><strong>Crit.</strong></span> 
     </span>
     <span class='ocr_line' id='line_1_17' title="bbox 374 1606 2540 1663; baseline -0 -13"><span class='ocrx_word' id='word_1_170' title='bbox 374 1622 413 1663; x_wconf 87' lang='lat' dir='ltr'><strong>p.</strong></span> <span class='ocrx_word' id='word_1_171' title='bbox 438 1609 493 1660; x_wconf 35' lang='lat'><strong>19,</strong></span> <span class='ocrx_word' id='word_1_172' title='bbox 518 1607 753 1650; x_wconf 83' lang='lat' dir='ltr'><strong>absolvisse</strong></span> <span class='ocrx_word' id='word_1_173' title='bbox 783 1606 1020 1650; x_wconf 87' lang='lat' dir='ltr'><strong>Meinekius</strong></span> <span class='ocrx_word' id='word_1_174' title='bbox 1049 1606 1269 1660; x_wconf 83' lang='lat' dir='ltr'><strong>iudicavit,</strong></span> <span class='ocrx_word' id='word_1_175' title='bbox 1299 1612 1342 1650; x_wconf 88' lang='lat' dir='ltr'><strong>et</strong></span> <span class='ocrx_word' id='word_1_176' title='bbox 1371 1608 1560 1663; x_wconf 80' lang='lat' dir='ltr'><strong>syllabas</strong></span> <span class='ocrx_word' id='word_1_177' title='bbox 1590 1624 1666 1658; x_wconf 80' lang='grc' dir='ltr'><strong>τος</strong></span> <span class='ocrx_word' id='word_1_178' title='bbox 1695 1614 1738 1651; x_wconf 88' lang='lat' dir='ltr'><strong>et</strong></span> <span class='ocrx_word' id='word_1_179' title='bbox 1758 1623 1825 1658; x_wconf 77' lang='grc' dir='ltr'><strong>τις</strong></span> <span class='ocrx_word' id='word_1_180' title='bbox 1854 1621 2006 1663; x_wconf 87' lang='lat' dir='ltr'><strong>parum</strong></span> <span class='ocrx_word' id='word_1_181' title='bbox 2037 1609 2208 1651; x_wconf 84' lang='lat' dir='ltr'><strong>differre</strong></span> <span class='ocrx_word' id='word_1_182' title='bbox 2239 1608 2390 1650; x_wconf 85' lang='lat' dir='ltr'><strong>doeent</strong></span> <span class='ocrx_word' id='word_1_183' title='bbox 2412 1607 2540 1651; x_wconf 81' lang='lat' dir='ltr'><strong>Scho-</strong></span> 
     </span>
     <span class='ocr_line' id='line_1_18' title="bbox 373 1685 2537 1741; baseline -0 -13"><span class='ocrx_word' id='word_1_184' title='bbox 373 1687 529 1729; x_wconf 83' lang='lat' dir='ltr'><strong>liastae</strong></span> <span class='ocrx_word' id='word_1_185' title='bbox 569 1685 744 1729; x_wconf 79' lang='lat' dir='ltr'><strong>Theocr.</strong></span> <span class='ocrx_word' id='word_1_186' title='bbox 767 1686 880 1728; x_wconf 93' lang='lat' dir='ltr'>VIII.</span> <span class='ocrx_word' id='word_1_187' title='bbox 904 1688 954 1728; x_wconf 81' lang='lat'><strong>72</strong></span> <span class='ocrx_word' id='word_1_188' title='bbox 996 1691 1038 1729; x_wconf 90' lang='lat' dir='ltr'><strong>et</strong></span> <span class='ocrx_word' id='word_1_189' title='bbox 1077 1686 1375 1729; x_wconf 80' lang='lat' dir='ltr'><strong>Themistoclis</strong></span> <span class='ocrx_word' id='word_1_190' title='bbox 1414 1686 1545 1741; x_wconf 85' lang='lat' dir='ltr'><strong>Epist.</strong></span> <span class='ocrx_word' id='word_1_191' title='bbox 1564 1687 1628 1729; x_wconf 91' lang='lat' dir='ltr'><strong>IX</strong></span> <span class='ocrx_word' id='word_1_192' title='bbox 1667 1686 1799 1729; x_wconf 85' lang='lat' dir='ltr'><strong>verba</strong></span> <span class='ocrx_word' id='word_1_193' title='bbox 1839 1699 1866 1728; x_wconf 88' lang='lat' dir='ltr'>a</span> <span class='ocrx_word' id='word_1_194' title='bbox 1903 1685 2135 1729; x_wconf 80' lang='lat' dir='ltr'><strong>Schaefero</strong></span> <span class='ocrx_word' id='word_1_195' title='bbox 2176 1685 2301 1740; x_wconf 84' lang='lat' dir='ltr'><strong>Greg.</strong></span> <span class='ocrx_word' id='word_1_196' title='bbox 2330 1687 2424 1728; x_wconf 85' lang='lat' dir='ltr'><strong>Cor.</strong></span> <span class='ocrx_word' id='word_1_197' title='bbox 2451 1701 2490 1741; x_wconf 86' lang='lat' dir='ltr'><strong>p.</strong></span> <span class='ocrx_word' id='word_1_198' title='bbox 2513 1688 2537 1727; x_wconf 82' lang='lat'>8</span> 
     </span>
     <span class='ocr_line' id='line_1_19' title="bbox 373 1759 2539 1820; baseline -0.002 -11"><span class='ocrx_word' id='word_1_199' title='bbox 373 1771 587 1820; x_wconf 82' lang='lat' dir='ltr'><strong>reparata.</strong></span> <span class='ocrx_word' id='word_1_200' title='bbox 630 1768 836 1819; x_wconf 81' lang='grc' dir='ltr'><strong><em>Θρονϊτις</em></strong></span> <span class='ocrx_word' id='word_1_201' title='bbox 865 1769 1007 1807; x_wconf 83' lang='lat' dir='ltr'><strong>autem</strong></span> <span class='ocrx_word' id='word_1_202' title='bbox 1036 1765 1191 1817; x_wconf 80' lang='lat' dir='ltr'><strong>legitur</strong></span> <span class='ocrx_word' id='word_1_203' title='bbox 1219 1765 1335 1819; x_wconf 86' lang='lat' dir='ltr'><strong>apud</strong></span> <span class='ocrx_word' id='word_1_204' title='bbox 1366 1764 1685 1820; x_wconf 82' lang='lat' dir='ltr'><strong>Lycophronem</strong></span> <span class='ocrx_word' id='word_1_205' title='bbox 1722 1767 1849 1806; x_wconf 76' lang='lat'>1148:</span> <span class='ocrx_word' id='word_1_206' title='bbox 1899 1765 2154 1820; x_wconf 74' lang='grc' dir='ltr'><strong><em>Θρονίτιδες</em></strong></span> <span class='ocrx_word' id='word_1_207' title='bbox 2176 1767 2368 1819; x_wconf 79' lang='grc' dir='ltr'><strong><em>Λοκρῶν</em></strong></span> <span class='ocrx_word' id='word_1_208' title='bbox 2392 1759 2539 1819; x_wconf 76' lang='grc' dir='ltr'><strong><em>ἀγυιαί</em></strong></span> 
     </span>
     <span class='ocr_line' id='line_1_20' title="bbox 372 1838 2537 1901; baseline -0.001 -14"><span class='ocrx_word' id='word_1_209' title='bbox 372 1844 422 1887; x_wconf 82' lang='lat' dir='ltr'><strong>cf.</strong></span> <span class='ocrx_word' id='word_1_210' title='bbox 443 1843 589 1900; x_wconf 85' lang='lat' dir='ltr'><strong>Steph.</strong></span> <span class='ocrx_word' id='word_1_211' title='bbox 609 1843 711 1899; x_wconf 84' lang='lat' dir='ltr'><strong>Byz.</strong></span> <span class='ocrx_word' id='word_1_212' title='bbox 731 1858 771 1899; x_wconf 88' lang='lat' dir='ltr'><strong>p.</strong></span> <span class='ocrx_word' id='word_1_213' title='bbox 795 1847 885 1898; x_wconf 84' lang='lat'><strong>140,</strong></span> <span class='ocrx_word' id='word_1_214' title='bbox 909 1846 959 1885; x_wconf 85' lang='lat'><strong>15</strong></span> <span class='ocrx_word' id='word_1_215' title='bbox 983 1843 1133 1886; x_wconf 81' lang='lat' dir='ltr'><strong>West.:</strong></span> <span class='ocrx_word' id='word_1_216' title='bbox 1177 1843 1397 1901; x_wconf 79' lang='grc' dir='ltr'><strong><em>θρονὶτης</em></strong></span> <span class='ocrx_word' id='word_1_217' title='bbox 1427 1838 1514 1886; x_wconf 77' lang='grc' dir='ltr'><strong>α’πὸ</strong></span> <span class='ocrx_word' id='word_1_218' title='bbox 1545 1846 1627 1886; x_wconf 81' lang='grc' dir='ltr'><strong>τοῦ</strong></span> <span class='ocrx_word' id='word_1_219' title='bbox 1661 1840 1938 1898; x_wconf 74' lang='grc' dir='ltr'><strong><em>Θρονιώτης,</em></strong></span> <span class='ocrx_word' id='word_1_220' title='bbox 1979 1856 2091 1896; x_wconf 87' lang='lat' dir='ltr'><strong>quae</strong></span> <span class='ocrx_word' id='word_1_221' title='bbox 2128 1843 2327 1897; x_wconf 83' lang='lat' dir='ltr'><strong>exempla</strong></span> <span class='ocrx_word' id='word_1_222' title='bbox 2357 1856 2537 1885; x_wconf 82' lang='lat' dir='ltr'><strong>comme-</strong></span> 
     </span>
    </p>
   </div>
   <div class='ocr_carea' id='block_1_4' title="bbox 372 1923 2536 2058">
    <p class='ocr_par' dir='ltr' id='par_1_5' title="bbox 372 1923 2536 2058">
     <span class='ocr_line' id='line_1_21' title="bbox 372 1923 1524 1978; baseline -0.002 -12"><span class='ocrx_word' id='word_1_223' title='bbox 372 1929 592 1966; x_wconf 83' lang='lat' dir='ltr'><strong>morarunt</strong></span> <span class='ocrx_word' id='word_1_224' title='bbox 622 1923 713 1966; x_wconf 89' lang='lat' dir='ltr'><strong>Viri</strong></span> <span class='ocrx_word' id='word_1_225' title='bbox 744 1924 867 1965; x_wconf 79' lang='lat' dir='ltr'><strong>Docti</strong></span> <span class='ocrx_word' id='word_1_226' title='bbox 900 1923 1043 1978; x_wconf 88' lang='lat' dir='ltr'><strong>Steph.</strong></span> <span class='ocrx_word' id='word_1_227' title='bbox 1065 1923 1191 1967; x_wconf 76' lang='lat' dir='ltr'><strong>Thes.</strong></span> <span class='ocrx_word' id='word_1_228' title='bbox 1213 1923 1271 1965; x_wconf 95' lang='lat' dir='ltr'><strong>IV</strong></span> <span class='ocrx_word' id='word_1_229' title='bbox 1302 1938 1343 1978; x_wconf 91' lang='lat' dir='ltr'><strong>p.</strong></span> <span class='ocrx_word' id='word_1_230' title='bbox 1365 1926 1456 1966; x_wconf 84' lang='lat'><strong>427.</strong></span> <span class='ocrx_word' id='word_1_231' title='bbox 1477 1924 1524 1964; x_wconf 93' lang='lat' dir='ltr'><strong>A.</strong></span> 
     </span>
     <span class='ocr_line' id='line_1_22' title="bbox 542 2002 2536 2058; baseline -0.001 -11"><span class='ocrx_word' id='word_1_232' title='bbox 542 2003 626 2047; x_wconf 86' lang='lat' dir='ltr'><strong>Sed</strong></span> <span class='ocrx_word' id='word_1_233' title='bbox 666 2016 719 2045; x_wconf 90' lang='lat' dir='ltr'><strong>ne</strong></span> <span class='ocrx_word' id='word_1_234' title='bbox 759 2003 814 2044; x_wconf 87' lang='lat' dir='ltr'><strong>ab</strong></span> <span class='ocrx_word' id='word_1_235' title='bbox 851 2002 1018 2045; x_wconf 86' lang='lat' dir='ltr'><strong>insulae</strong></span> <span class='ocrx_word' id='word_1_236' title='bbox 1050 2002 1182 2058; x_wconf 78' lang='lat' dir='ltr'><strong>Cypri</strong></span> <span class='ocrx_word' id='word_1_237' title='bbox 1217 2003 1421 2045; x_wconf 86' lang='lat' dir='ltr'><strong>memoria</strong></span> <span class='ocrx_word' id='word_1_238' title='bbox 1461 2003 1629 2044; x_wconf 90' lang='lat' dir='ltr'><strong>omnino</strong></span> <span class='ocrx_word' id='word_1_239' title='bbox 1669 2003 1895 2045; x_wconf 73' lang='lat' dir='ltr'><strong>recessisse</strong></span> <span class='ocrx_word' id='word_1_240' title='bbox 1936 2003 2176 2056; x_wconf 84' lang='lat' dir='ltr'><strong>videamur,</strong></span> <span class='ocrx_word' id='word_1_241' title='bbox 2216 2003 2313 2045; x_wconf 82' lang='lat' dir='ltr'><strong>lieet</strong></span> <span class='ocrx_word' id='word_1_242' title='bbox 2351 2003 2536 2045; x_wconf 76' lang='lat' dir='ltr'><strong>adiicere</strong></span> 
     </span>
    </p>
   </div>
   <div class='ocr_carea' id='block_1_5' title="bbox 368 2072 2536 2613">
    <p class='ocr_par' dir='ltr' id='par_1_6' title="bbox 368 2072 2536 2613">
     <span class='ocr_line' id='line_1_23' title="bbox 372 2072 2535 2137; baseline -0.001 -12"><span class='ocrx_word' id='word_1_243' title='bbox 372 2083 538 2125; x_wconf 82' lang='lat' dir='ltr'><strong>Vatie.</strong></span> <span class='ocrx_word' id='word_1_244' title='bbox 569 2083 669 2124; x_wconf 90' lang='lat' dir='ltr'><strong>Pro</strong></span> <span class='ocrx_word' id='word_1_245' title='bbox 682 2081 824 2125; x_wconf 85' lang='lat' dir='ltr'><strong>verb.</strong></span> <span class='ocrx_word' id='word_1_246' title='bbox 853 2083 928 2136; x_wconf 93' lang='lat' dir='ltr'><strong>Ap</strong></span> <span class='ocrx_word' id='word_1_247' title='bbox 940 2082 1091 2136; x_wconf 89' lang='lat' dir='ltr'><strong>pend.</strong></span> <span class='ocrx_word' id='word_1_248' title='bbox 1120 2081 1177 2124; x_wconf 93' lang='lat' dir='ltr'><strong>II.</strong></span> <span class='ocrx_word' id='word_1_249' title='bbox 1198 2083 1264 2123; x_wconf 85' lang='lat'><strong>30.</strong></span> <span class='ocrx_word' id='word_1_250' title='bbox 1285 2095 1325 2136; x_wconf 93' lang='lat' dir='ltr'><strong>p.</strong></span> <span class='ocrx_word' id='word_1_251' title='bbox 1347 2082 1428 2123; x_wconf 82' lang='lat'><strong>286</strong></span> <span class='ocrx_word' id='word_1_252' title='bbox 1450 2080 1624 2123; x_wconf 77' lang='lat' dir='ltr'><strong>Schott.:</strong></span> <span class='ocrx_word' id='word_1_253' title='bbox 1661 2077 1860 2135; x_wconf 71' lang='grc' dir='ltr'><strong><em>Μάξιμος</em></strong></span> <span class='ocrx_word' id='word_1_254' title='bbox 1890 2075 2084 2135; x_wconf 65' lang='grc' dir='ltr'><strong><em>ὕπαρχος</em></strong></span> <span class='ocrx_word' id='word_1_255' title='bbox 2114 2072 2168 2136; x_wconf 80' lang='grc' dir='ltr'><strong><em>ἦν</em></strong></span> <span class='ocrx_word' id='word_1_256' title='bbox 2198 2081 2436 2137; x_wconf 82' lang='grc' dir='ltr'><strong><em>Πομπηΐου</em></strong></span> <span class='ocrx_word' id='word_1_257' title='bbox 2465 2097 2535 2122; x_wconf 78' lang='grc' dir='ltr'><strong>πι-</strong></span> 
     </span>
     <span class='ocr_line' id='line_1_24' title="bbox 372 2156 2535 2215; baseline -0.002 -11"><span class='ocrx_word' id='word_1_258' title='bbox 372 2162 574 2211; x_wconf 66' lang='grc' dir='ltr'><strong><em>στευθεὶς</em></strong></span> <span class='ocrx_word' id='word_1_259' title='bbox 605 2163 649 2204; x_wconf 88' lang='lat' dir='ltr'><strong><em>K</em></strong></span> <span class='ocrx_word' id='word_1_260' title='bbox 656 2157 841 2215; x_wconf 83' lang='grc' dir='ltr'><strong><em>ύπρον</em></strong></span> <span class='ocrx_word' id='word_1_261' title='bbox 871 2160 943 2203; x_wconf 80' lang='grc' dir='ltr'><strong>καὶ</strong></span> <span class='ocrx_word' id='word_1_262' title='bbox 967 2156 1144 2213; x_wconf 76' lang='grc' dir='ltr'><strong><em>Σαρδώ.</em></strong></span> <span class='ocrx_word' id='word_1_263' title='bbox 1207 2159 1341 2202; x_wconf 88' lang='lat' dir='ltr'><strong>Cuius</strong></span> <span class='ocrx_word' id='word_1_264' title='bbox 1360 2159 1441 2201; x_wconf 76' lang='lat' dir='ltr'><strong>loci</strong></span> <span class='ocrx_word' id='word_1_265' title='bbox 1462 2159 1570 2202; x_wconf 82' lang='lat' dir='ltr'><strong>hane</strong></span> <span class='ocrx_word' id='word_1_266' title='bbox 1592 2159 1892 2201; x_wconf 82' lang='lat' dir='ltr'><strong>mutationem:</strong></span> <span class='ocrx_word' id='word_1_267' title='bbox 1924 2157 2150 2214; x_wconf 73' lang='grc' dir='ltr'><strong><em>Κύρνον</em></strong></span> <span class='ocrx_word' id='word_1_268' title='bbox 2180 2161 2252 2200; x_wconf 80' lang='grc' dir='ltr'><strong>καὶ</strong></span> <span class='ocrx_word' id='word_1_269' title='bbox 2283 2157 2450 2215; x_wconf 78' lang='grc' dir='ltr'><strong><em>Σαρδώ</em></strong></span> <span class='ocrx_word' id='word_1_270' title='bbox 2480 2160 2535 2201; x_wconf 84' lang='lat' dir='ltr'><strong>ab</strong></span> 
     </span>
     <span class='ocr_line' id='line_1_25' title="bbox 372 2235 2535 2296; baseline -0.001 -13"><span class='ocrx_word' id='word_1_271' title='bbox 372 2240 575 2296; x_wconf 86' lang='lat' dir='ltr'><strong>Appiano</strong></span> <span class='ocrx_word' id='word_1_272' title='bbox 606 2240 652 2283; x_wconf 91' lang='lat' dir='ltr'><strong>B.</strong></span> <span class='ocrx_word' id='word_1_273' title='bbox 674 2239 764 2283; x_wconf 87' lang='lat' dir='ltr'><strong>Civ.</strong></span> <span class='ocrx_word' id='word_1_274' title='bbox 786 2239 834 2282; x_wconf 89' lang='lat' dir='ltr'><strong>V.</strong></span> <span class='ocrx_word' id='word_1_275' title='bbox 856 2242 907 2281; x_wconf 70' lang='lat'><strong>67</strong></span> <span class='ocrx_word' id='word_1_276' title='bbox 940 2254 979 2295; x_wconf 89' lang='lat' dir='ltr'><strong>p.</strong></span> <span class='ocrx_word' id='word_1_277' title='bbox 1000 2240 1095 2282; x_wconf 80' lang='lat'><strong>799.</strong></span> <span class='ocrx_word' id='word_1_278' title='bbox 1116 2238 1209 2282; x_wconf 87' lang='lat' dir='ltr'><strong>Vol.</strong></span> <span class='ocrx_word' id='word_1_279' title='bbox 1229 2238 1292 2281; x_wconf 92' lang='lat' dir='ltr'><strong>II:</strong></span> <span class='ocrx_word' id='word_1_280' title='bbox 1324 2235 1396 2281; x_wconf 78' lang='grc' dir='ltr'><strong>διὰ</strong></span> <span class='ocrx_word' id='word_1_281' title='bbox 1425 2236 1592 2293; x_wconf 78' lang='grc' dir='ltr'><strong><em>Σαρδώ</em></strong></span> <span class='ocrx_word' id='word_1_282' title='bbox 1622 2239 1694 2281; x_wconf 81' lang='grc' dir='ltr'><strong>καὶ</strong></span> <span class='ocrx_word' id='word_1_283' title='bbox 1727 2236 1907 2294; x_wconf 78' lang='grc' dir='ltr'><strong><em>Κύρνον</em></strong></span> <span class='ocrx_word' id='word_1_284' title='bbox 1938 2238 2145 2293; x_wconf 74' lang='grc' dir='ltr'><strong><em>ἐχομένας</em></strong></span> <span class='ocrx_word' id='word_1_285' title='bbox 2175 2235 2263 2280; x_wconf 77' lang='grc' dir='ltr'><strong>ὑπὸ</strong></span> <span class='ocrx_word' id='word_1_286' title='bbox 2295 2240 2389 2280; x_wconf 83' lang='grc' dir='ltr'><strong><em>τῶν</em></strong></span> <span class='ocrx_word' id='word_1_287' title='bbox 2421 2240 2535 2293; x_wconf 85' lang='grc' dir='ltr'><strong><em>Πομ-</em></strong></span> 
     </span>
     <span class='ocr_line' id='line_1_26' title="bbox 369 2311 2535 2377; baseline -0.002 -14"><span class='ocrx_word' id='word_1_288' title='bbox 369 2320 519 2377; x_wconf 81' lang='grc' dir='ltr'><strong><em>πηΐου.</em></strong></span> <span class='ocrx_word' id='word_1_289' title='bbox 554 2322 618 2363; x_wconf 79' lang='grc'><strong>72.</strong></span> <span class='ocrx_word' id='word_1_290' title='bbox 637 2334 678 2375; x_wconf 90' lang='lat' dir='ltr'><strong>p.</strong></span> <span class='ocrx_word' id='word_1_291' title='bbox 700 2321 802 2362; x_wconf 77' lang='lat'><strong>807:</strong></span> <span class='ocrx_word' id='word_1_292' title='bbox 839 2314 989 2375; x_wconf 77' lang='grc' dir='ltr'><strong><em>ἄρχειν</em></strong></span> <span class='ocrx_word' id='word_1_293' title='bbox 1019 2319 1067 2362; x_wconf 74' lang='grc' dir='ltr'><strong>δὲ</strong></span> <span class='ocrx_word' id='word_1_294' title='bbox 1098 2318 1305 2375; x_wconf 81' lang='grc' dir='ltr'><strong><em>Σαρδοῦς</em></strong></span> <span class='ocrx_word' id='word_1_295' title='bbox 1335 2319 1407 2361; x_wconf 84' lang='grc' dir='ltr'><strong>καὶ</strong></span> <span class='ocrx_word' id='word_1_296' title='bbox 1439 2318 1646 2367; x_wconf 71' lang='grc' dir='ltr'><strong><em>Σικελίας</em></strong></span> <span class='ocrx_word' id='word_1_297' title='bbox 1677 2318 1749 2359; x_wconf 77' lang='grc' dir='ltr'><strong>καὶ</strong></span> <span class='ocrx_word' id='word_1_298' title='bbox 1773 2314 1952 2372; x_wconf 80' lang='grc' dir='ltr'><strong><em>Κύρνου</em></strong></span> <span class='ocrx_word' id='word_1_299' title='bbox 1982 2318 2052 2359; x_wconf 83' lang='grc' dir='ltr'><strong>καὶ</strong></span> <span class='ocrx_word' id='word_1_300' title='bbox 2085 2311 2206 2359; x_wconf 77' lang='grc' dir='ltr'><strong><em>ὅσων</em></strong></span> <span class='ocrx_word' id='word_1_301' title='bbox 2236 2312 2388 2358; x_wconf 75' lang='grc' dir='ltr'><strong><em>ἄλλων</em></strong></span> <span class='ocrx_word' id='word_1_302' title='bbox 2419 2313 2535 2372; x_wconf 73' lang='grc' dir='ltr'><strong><em>εἶχεν</em></strong></span> 
     </span>
     <span class='ocr_line' id='line_1_27' title="bbox 370 2390 2536 2456; baseline -0.002 -14"><span class='ocrx_word' id='word_1_303' title='bbox 370 2399 413 2450; x_wconf 79' lang='grc' dir='ltr'><strong>ἐς</strong></span> <span class='ocrx_word' id='word_1_304' title='bbox 443 2396 545 2443; x_wconf 86' lang='grc' dir='ltr'><em>τότε</em></span> <span class='ocrx_word' id='word_1_305' title='bbox 577 2396 725 2456; x_wconf 81' lang='grc' dir='ltr'><strong><em>νήσων</em></strong></span> <span class='ocrx_word' id='word_1_306' title='bbox 755 2396 1047 2456; x_wconf 85' lang='grc' dir='ltr'><strong><em>(Πομπήϊον),</em></strong></span> <span class='ocrx_word' id='word_1_307' title='bbox 1079 2397 1122 2449; x_wconf 75' lang='grc' dir='ltr'><strong>ἐς</strong></span> <span class='ocrx_word' id='word_1_308' title='bbox 1153 2392 1263 2442; x_wconf 78' lang='grc' dir='ltr'><strong><em>ὅσον</em></strong></span> <span class='ocrx_word' id='word_1_309' title='bbox 1293 2392 1471 2454; x_wconf 76' lang='grc' dir='ltr'><strong><em>ἄρχοιεν</em></strong></span> <span class='ocrx_word' id='word_1_310' title='bbox 1501 2398 1595 2439; x_wconf 82' lang='grc' dir='ltr'><strong><em>τῶν</em></strong></span> <span class='ocrx_word' id='word_1_311' title='bbox 1626 2394 1791 2453; x_wconf 74' lang='grc' dir='ltr'><strong><em>ἑτέρων</em></strong></span> <span class='ocrx_word' id='word_1_312' title='bbox 1817 2390 2046 2446; x_wconf 75' lang='grc' dir='ltr'><strong><em>Ἀντώνιός</em></strong></span> <span class='ocrx_word' id='word_1_313' title='bbox 2077 2411 2122 2438; x_wconf 82' lang='grc' dir='ltr'><strong>τε</strong></span> <span class='ocrx_word' id='word_1_314' title='bbox 2144 2397 2214 2438; x_wconf 79' lang='grc' dir='ltr'><strong>καὶ</strong></span> <span class='ocrx_word' id='word_1_315' title='bbox 2238 2399 2409 2451; x_wconf 80' lang='grc' dir='ltr'><strong><em>Καῖσαρ</em></strong></span> <span class='ocrx_word' id='word_1_316' title='bbox 2441 2408 2536 2450; x_wconf 85' lang='lat' dir='ltr'><strong>sug·</strong></span> 
     </span>
     <span class='ocr_line' id='line_1_28' title="bbox 368 2475 2532 2534; baseline -0.002 -13"><span class='ocrx_word' id='word_1_317' title='bbox 368 2480 457 2534; x_wconf 84' lang='lat' dir='ltr'><strong>geri</strong></span> <span class='ocrx_word' id='word_1_318' title='bbox 488 2484 617 2532; x_wconf 84' lang='lat' dir='ltr'><strong>atque</strong></span> <span class='ocrx_word' id='word_1_319' title='bbox 646 2479 755 2520; x_wconf 81' lang='lat' dir='ltr'><strong>adeo</strong></span> <span class='ocrx_word' id='word_1_320' title='bbox 776 2479 883 2520; x_wconf 78' lang='lat' dir='ltr'><strong>edici</strong></span> <span class='ocrx_word' id='word_1_321' title='bbox 914 2479 955 2519; x_wconf 88' lang='lat' dir='ltr'><strong>in</strong></span> <span class='ocrx_word' id='word_1_322' title='bbox 976 2477 1153 2533; x_wconf 86' lang='lat' dir='ltr'><strong>Ephem.</strong></span> <span class='ocrx_word' id='word_1_323' title='bbox 1174 2478 1231 2518; x_wconf 86' lang='lat' dir='ltr'><strong>ad</strong></span> <span class='ocrx_word' id='word_1_324' title='bbox 1251 2478 1335 2519; x_wconf 87' lang='lat' dir='ltr'><strong>Res</strong></span> <span class='ocrx_word' id='word_1_325' title='bbox 1355 2477 1507 2531; x_wconf 87' lang='lat' dir='ltr'><strong>Gymn.</strong></span> <span class='ocrx_word' id='word_1_326' title='bbox 1527 2478 1680 2531; x_wconf 83' lang='lat' dir='ltr'><strong>pertin.</strong></span> <span class='ocrx_word' id='word_1_327' title='bbox 1705 2479 1811 2518; x_wconf 70' lang='lat'><strong>1855</strong></span> <span class='ocrx_word' id='word_1_328' title='bbox 1832 2492 1871 2532; x_wconf 91' lang='lat' dir='ltr'><strong>p.</strong></span> <span class='ocrx_word' id='word_1_329' title='bbox 1893 2479 1972 2518; x_wconf 85' lang='lat'><strong>217</strong></span> <span class='ocrx_word' id='word_1_330' title='bbox 2004 2476 2199 2518; x_wconf 83' lang='lat' dir='ltr'><strong>diximus.</strong></span> <span class='ocrx_word' id='word_1_331' title='bbox 2258 2475 2351 2526; x_wconf 86' lang='lat' dir='ltr'><strong>Quo</strong></span> <span class='ocrx_word' id='word_1_332' title='bbox 2382 2476 2532 2517; x_wconf 89' lang='lat' dir='ltr'><strong>eodem</strong></span> 
     </span>
     <span class='ocr_line' id='line_1_29' title="bbox 368 2554 2534 2613; baseline -0.003 -12"><span class='ocrx_word' id='word_1_333' title='bbox 368 2559 493 2600; x_wconf 91' lang='lat' dir='ltr'><strong>modo</strong></span> <span class='ocrx_word' id='word_1_334' title='bbox 531 2558 648 2613; x_wconf 87' lang='lat' dir='ltr'><strong>apud</strong></span> <span class='ocrx_word' id='word_1_335' title='bbox 687 2557 973 2600; x_wconf 88' lang='lat' dir='ltr'><strong>Claudianum</strong></span> <span class='ocrx_word' id='word_1_336' title='bbox 1006 2557 1051 2599; x_wconf 93' lang='lat' dir='ltr'><strong>B.</strong></span> <span class='ocrx_word' id='word_1_337' title='bbox 1073 2556 1165 2599; x_wconf 87' lang='lat' dir='ltr'><strong>Get.</strong></span> <span class='ocrx_word' id='word_1_338' title='bbox 1189 2557 1292 2598; x_wconf 79' lang='lat'>218:</span> <span class='ocrx_word' id='word_1_339' title='bbox 1336 2555 1581 2610; x_wconf 82' lang='lat' dir='ltr'><strong>„inhospita</strong></span> <span class='ocrx_word' id='word_1_340' title='bbox 1615 2555 1777 2610; x_wconf 68' lang='lat' dir='ltr'><strong>Cyrni</strong></span> <span class='ocrx_word' id='word_1_341' title='bbox 1812 2555 1959 2597; x_wconf 82' lang='lat' dir='ltr'>Saxa“</span> <span class='ocrx_word' id='word_1_342' title='bbox 2000 2556 2042 2595; x_wconf 90' lang='lat' dir='ltr'><strong>in</strong></span> <span class='ocrx_word' id='word_1_343' title='bbox 2082 2555 2275 2595; x_wconf 83' lang='lat' dir='ltr'><strong>omnibus</strong></span> <span class='ocrx_word' id='word_1_344' title='bbox 2316 2554 2534 2596; x_wconf 74' lang='lat' dir='ltr'><strong>codicibus</strong></span> 
     </span>
    </p>
   </div>
   <div class='ocr_carea' id='block_1_6' title="bbox 370 2635 921 2691">
    <p class='ocr_par' dir='ltr' id='par_1_7' title="bbox 370 2635 921 2691">
     <span class='ocr_line' id='line_1_30' title="bbox 370 2635 921 2691; baseline 0 -13"><span class='ocrx_word' id='word_1_345' title='bbox 370 2636 528 2679; x_wconf 87' lang='lat' dir='ltr'><strong>insedit</strong></span> <span class='ocrx_word' id='word_1_346' title='bbox 557 2650 710 2679; x_wconf 91' lang='lat' dir='ltr'><strong>nomen</strong></span> <span class='ocrx_word' id='word_1_347' title='bbox 744 2635 776 2678; x_wconf 86' lang='lat' dir='ltr'>C</span> <span class='ocrx_word' id='word_1_348' title='bbox 789 2650 855 2691; x_wconf 76' lang='lat' dir='ltr'><strong>yp</strong></span> <span class='ocrx_word' id='word_1_349' title='bbox 869 2636 921 2678; x_wconf 91' lang='lat' dir='ltr'><strong>ri.</strong></span> 
     </span>
    </p>
   </div>
   <div class='ocr_carea' id='block_1_7' title="bbox 2062 2823 2390 2878">
    <p class='ocr_par' dir='ltr' id='par_1_8' title="bbox 2062 2823 2390 2878">
     <span class='ocr_line' id='line_1_31' title="bbox 2062 2823 2390 2878; baseline -0.003 -10"><span class='ocrx_word' id='word_1_350' title='bbox 2062 2825 2179 2868; x_wconf 82' lang='lat' dir='ltr'><strong>Rob.</strong></span> <span class='ocrx_word' id='word_1_351' title='bbox 2213 2823 2390 2878; x_wconf 84' lang='lat' dir='ltr'><strong>Unger.</strong></span> 
     </span>
    </p>
   </div>
   <div class='ocr_carea' id='block_1_8' title="bbox 2847 0 3024 151">
    <p class='ocr_par' dir='ltr' id='par_1_9' title="bbox 2847 0 3024 151">
     <span class='ocr_line' id='line_1_32' title="bbox 2847 0 3024 151; baseline 0 3717"><span class='ocrx_word' id='word_1_352' title='bbox 2847 0 3024 151; x_wconf 95' lang='lat' dir='ltr'><strong> </strong></span> 
     </span>
    </p>
   </div>
  </div>
 </body>
</html>
